#------------------------------------------------------------------------------
# used in thesis, reverse chronological from publication date

@article{2004.Asai.Prospects-Higgs-VBF-ATLAS,
      author         = "{S. Asai~$et~al.$}",
      title          = "{Prospects for the search for a standard model Higgs
                        boson in ATLAS using vector boson fusion}",
      journal        = "Eur.Phys.J.",
      volume         = "{C32S2}",
      pages          = "19-54",
      doi            = "10.1140/epjcd/s2003-01-010-8",
      year           = "2004",
      eprint         = "hep-ph/0402254",
      archivePrefix  = "arXiv",
      primaryClass   = "hep-ph",
      SLACcitation   = "%%CITATION = HEP-PH/0402254;%%",
}


#------------------------------------------------------------------------------
# not yet used in thesis

