@phdthesis{2013.thesis.ryan,
    author       = "Reece, Ryan and Williams, Hugh",
    title        = "A search for new physics in high-mass ditau events in the ATLAS detector",
    school       = "University of Pennsylvania",
    year         = "2013",
    howpublished = "\href{https://cds.cern.ch/record/1560836}{CERN-THESIS-2013-075}",
}

@phdthesis{2014.thesis.nils,
    author       = "Ruthmann, Nils and Jakobs, Karl",
    title        = "Search for Standard Model $\Htautau$ Decays in the Lepton-Hadron Final State in Proton-Proton Collisions with the ATLAS Detector at the LHC",
    school       = "University of Freiburg",
    year         = "2014",
    howpublished = "\href{https://cds.cern.ch/record/1984325}{CERN-THESIS-2014-238}",
}

@phdthesis{2014.thesis.michel,
    author       = "Trottier-McDonald, Michel and O'Neil, Dugan",
    title        = "Evidence for the Standard Model Higgs Boson Decaying to One Semi-hadronically Decaying Tau and One Leptonically Decaying Tau at ATLAS",
    school       = "Simon Fraser University",
    year         = "2014",
    howpublished = "\href{https://cds.cern.ch/record/1709068}{CERN-THESIS-2014-055}",
}

@phdthesis{2014.thesis.noel,
    author       = "Dawe, Edmund Noel and O'Neil, Dugan",
    title        = "Evidence for Standard Model Higgs boson decays to tau lepton pairs in the ATLAS detector supported by a search in the fully hadronic final state",
    school       = "Simon Fraser University",
    year         = "2014",
    howpublished = "\href{http://summit.sfu.ca/item/14657}{http://summit.sfu.ca/item/14657}",
}

