#------------------------------------------------------------------------------
# used in thesis, reverse chronological from publication date

@misc{ATLAS-CONF-2011-063,
    author        = "",
    collaboration = "{ATLAS}",
    title        = "Muon reconstruction efficiency in reprocessed 2010 LHC
                    proton-proton collision data recorded with the ATLAS
                    detector",
    institution  = "CERN",
    address      = "Geneva",
    howpublished = "\href{https://cds.cern.ch/record/1345743}{ATLAS-CONF-2011-063}",
    year         = "2011",
}
    month        = "Apr",


#------------------------------------------------------------------------------
# twikis

@misc{ATLAS-twiki-muon-perf,
    author       = "{ATLAS Muon Performance Group}",
    title        = "{Muon performance twiki}",
    howpublished = "\href{https://twiki.cern.ch/twiki/bin/view/AtlasProtected/MuonPerformance}{https://twiki.cern.ch/twiki/bin/view/AtlasProtected/MuonPerformance}",
    year         = "2012",
}


#------------------------------------------------------------------------------
# not yet used in thesis



