@misc{atlas-lumi,
      collaboration  = "ATLAS",
      title          = "{Luminosity public results}",
      howpublished   = "\href{https://twiki.cern.ch/twiki/bin/view/AtlasPublic/LuminosityPublicResults}{LuminosityPublicResults}",
      year           = "2012",
}

@misc{atlas-eventdisplays,
      collaboration = "ATLAS",
      title         = "Stand-Alone Event Displays",
      institution   = "CERN",
      address       = "Geneva",
      howpublished  = "\href{https://twiki.cern.ch/twiki/bin/view/AtlasPublic/EventDisplayStandAlone}{EventDisplayStandAlone}",
      year          = "2014",
}

@misc{atlas-cgi-detector,
      collaboration = "ATLAS",
      title         = "ATLAS Photos",
      institution   = "CERN",
      address       = "Geneva",
      howpublished  = "\href{http://www.atlas.ch/photos/full-detector-cgi.html}{Full Detector, CGI}",
      year          = "2015",
}

@misc{atlas-surface,
      collaboration = "ATLAS",
      title         = "ATLAS Photos",
      institution   = "CERN",
      address       = "Geneva",
      howpublished  = "\href{http://www.atlas.ch/photos/detector-site-surface.html}{Detector Site, Surface}",
      year          = "2015",
}

