@article{EXOT-2012-03,
         collaboration = "{ATLAS}",
         title         = "{A search for high-mass resonances decaying to $\tau^+\tau^-$ in $pp$ collisions at $\sqrt{s}=7$ TeV with the ATLAS detector}",
         year          = "2012",
         journal       = "Phys. Lett. B",
         volume        = "719",
         pages         = "242-260",
         doi           = "10.1016/j.physletb.2013.01.040",
         eprint        = "1210.6604",
         archivePrefix = "arXiv",
         primaryClass  = "hep-ex",
         reportNumber  = "CERN-PH-EP-2012-223",
         note          = "\href{http://atlas.web.cern.ch/Atlas/GROUPS/PHYSICS/PAPERS/EXOT-2012-03/}{EXOT-2012-03}",
}

