#------------------------------------------------------------------------------
# used in thesis, reverse chronological from publication date

ATLAS Track Extrapolation Package
@misc{ATL-SOFT-PUB-2007-005,
      author       = "Salzburger, A",
      title        = "{The ATLAS Track Extrapolation Package}",
      institution  = "CERN",
      address      = "Geneva",
      howpublished = "\href{https://cds.cern.ch/record/1038100}{ATL-SOFT-PUB-2007-005}",
      year         = "2007",
}
      month        = "Jun",
before approval: ATL-COM-SOFT-2007-010

@misc{ATLAS-CONF-2012-042,
    author          = "",
    collaboration   = "{ATLAS}",
    title        = "Performance of the ATLAS inner detector track and vertex
                    reconstruction in the high pile-up LHC environment",
    institution  = "CERN",
    address      = "Geneva",
    howpublished = "\href{https://cds.cern.ch/record/1435196}{ATLAS-CONF-2012-042}",
    year         = "2012",
}
    month        = "Mar",


#------------------------------------------------------------------------------
# not yet used in thesis

@phdthesis{2006.Fleischmann.thesis-deterministic-annealing,
    author       = "Fleischmann, S and Mättig, P",
    title        = "Track reconstruction in the ATLAS experiment: The
                    deterministic annealing filter",
    school       = "Bergische Univ. Wuppertal",
    address      = "Wuppertal",
    year         = "2006",
    howpublished = "\href{https://cds.cern.ch/record/1014533}{CERN-THESIS-2007-011}",
}
      note         = "Presented on 19 Oct 2006",

@misc{ATL-SOFT-PUB-2007-007,
    author       = "Cornelissen, T and Elsing, M and Fleischmann, S and Liebig,
                    W and Moyse, E and Salzburger, A",
    title        = "Concepts, Design and Implementation of the ATLAS New
                    Tracking (NEWT)",
    institution  = "CERN",
    address      = "Geneva",
    howpublished = "\href{https://cds.cern.ch/record/1020106}{ATL-SOFT-PUB-2007-007}",
    year         = "2007",
}
    month        = "Mar",
before approval: ATL-COM-SOFT-2007-002

@misc{ATL-COM-INDET-2011-005,
      author       = "Andreazza, A and Consonni, S",
      title        = "Pixel Detector resolution: Cluster position-track
                      extrapolation residuals",
      institution  = "CERN",
      address      = "Geneva",
      howpublished = "\href{https://cds.cern.ch/record/1336743}{ATL-COM-INDET-2011-005}",
      year         = "2011",
}
      month        = "Mar",

@misc{ATL-DAQ-PROC-2011-022,
      author       = "Amerio, S and Andreani, A and Andreazza, A and Annovi, A
                      and Beretta, M and Bevacqua, V and Bogdan, M and Bossini, E
                      and Boveia, A and Cavaliere, V and Canelli, F and Blazey, G
                      and Cervigni, F and Cheng, Y and Citterio, M and Crescioli,
                      F and Dell’Orso, M and Drake, G and Dunford, M and
                      Giannetti, P and Giorgi, F and Hoff, J and Kapliy, A and
                      Kasten, M and Kim, Y K and Kimura, N and Lanza, A and
                      Liberali, V and Liu, T and Magalotti, D and McCarn, A and
                      Melachrinos, C and Meroni, C and Negri, A and Neubauer, M
                      and Penning, B and Piendibene, M and Proudfoot, J and Riva,
                      M and Roda, C and Sabatini, F and Sacco, I and Shochet, M
                      and Stabile, A and Tang, F and Tang, J and Tripiccione, R
                      and Tuggle, J and Vercesi, V and Verzocchi, M and Villa, M
                      and Vitillo, R A and Volpi, G and Webster, J and Wu, J and
                      Yorita, K and Zhang, J",
      title        = "{ATLAS FTK: Fast Track Trigger}",
      institution  = "CERN",
      address      = "Geneva",
      howpublished = "\href{https://cds.cern.ch/record/1383885}{ATL-DAQ-PROC-2011-022}",
      year         = "2011",
}
      month        = "Sep",

