#------------------------------------------------------------------------------
# used in thesis, reverse chronological from publication date

NOTE: not in thesis yet
@misc{,
    author       = "Coadou, Y and Malecki, Pa and Richter-Was, E",
    title        = "Prospects for physics measurements with the $W\rightarrow\tau\nu$
                    process for $100~\mathrm{pb}^{-1}$ with the ATLAS detector",
    institution  = "CERN",
    address      = "Geneva",
    howpublished = "\href{https://cds.cern.ch/record/1120766}{ATL-PHYS-INT-2009-011}",
    year         = "2008",
}
before INT approval: ATL-COM-PHYS-2008-112
    month        = "Aug",

Cavalli Z -> tau tau Note
@misc{ATL-PHYS-INT-2009-005,
      author       = "Cavalli, D. and Pizio, C.",
      title        = "{$Z\rightarrow\tau\tau$ in first ATLAS data}",
      institution  = "CERN",
      address      = "Geneva",
      howpublished = "\href{https://cds.cern.ch/record/1124972}{ATL-PHYS-INT-2009-005}",
      year         = "2008",
}
ATL-COM-PHYS-2008-127

Richter-Was Z -> tau tau Note
@misc{ATL-PHYS-INT-2009-019,
      author       = "Kaczmarska, A. and Richter-Was, E.",
      title        = "{Prospects for physics measurements with the
          $Z\rightarrow\tau\tau (e,\tau_\mathrm{had})$ process for $100\:\mathrm{pb}^{-1}$
          with the ATLAS detector}",
      institution  = "CERN",
      address      = "Geneva",
      howpublished = "\href{https://cds.cern.ch/record/1122945}{ATL-PHYS-INT-2009-019}",
      year         = "2008",
}
before INT approval: ATL-COM-PHYS-2008-122

Reece Z -> tau tau INT note
@misc{ATL-PHYS-INT-2009-044,
    author = "Reece, R. and Williams, H. H.",
    title  = "{A selection strategy for $Z\rightarrow\tau\tau\rightarrow\mu\tau_\mathrm{h}$ with the first 
               100 inverse picobarns from ATLAS}",
    institution = "CERN",
    address = "Geneva",
    howpublished = "\href{https://cds.cern.ch/record/1175202}{ATL-PHYS-INT-2009-044}",
    year = "2009",
}
before INT approval: ATL-COM-PHYS-2009-235

Benchmark Ztautau analysis
@misc{ATL-PHYS-INT-2010-075,
    author       = "Bechtle, P and Cavalli, D and Coadou, Y and Consonni, S and
                    Davey, W and Fischer, G and Goussiou, A and Griffiths, J and
                    Jakobs, K and Kaczmarska, A and Kuehn, S and Lai, S and
                    Mader, W and Pizio, C and Reece, R and Richter-Was, E and
                    Tsuno, S and Williams, H H",
    title        = "Benchmark analysis for $Z\rightarrow\tau\tau\rightarrow\ell\tau_\mathrm{h}$ with
                    the first $100~\mathrm{pb}^{-1}$ ",
    institution  = "CERN",
    address      = "Geneva",
    howpublished = "\href{https://cds.cern.ch/record/1282947}{ATL-PHYS-INT-2010-075}",
    year         = "2010",
}
    month        = "Aug",

W -> tau nu observation CONF note
@misc{ATLAS-CONF-2010-097,
    author = "",
    collaboration  = "{ATLAS}",
    title        = "Observation of $W\rightarrow\tau\nu$ decays with the ATLAS
                    experiment",
    institution  = "CERN",
    address      = "Geneva",
    howpublished = "\href{https://cds.cern.ch/record/1307529}{ATLAS-CONF-2010-097}",
    year         = "2010",
}
before approval: ATLAS-COM-CONF-2010-086

W -> tau nu observation support note
@misc{ATL-COM-PHYS-2010-661,
    author       = "{Andreazza, A and Bedikian, S and Coadou, Y and Czyczula, Z
                    and Demers, S M and Dell'Asta, L and Dingfelder, J C and
                    Nunes Hanninger, G and Kraus, J and Kroseberg, J and
                    Protopopescu, S D and Von T\"{o}rne, E}",
    title        = "Observation of $W\rightarrow\tau\nu$ decays with the ATLAS
                    experiment",
    institution  = "CERN",
    address      = "Geneva",
    howpublished = "\href{https://cds.cern.ch/record/1285148}{ATL-COM-PHYS-2010-661}",
    year         = "2010",
}
      month        = "Aug",

Z -> tau tau event display
@misc{ATL-COM-PHYS-2010-775,
    author       = "Coadou, Y and Consonni, S and Griffiths, J and Kaczmarska,
                    A and Kuehn, S and Lai, S and Moyse, E W J and Reece, R and
                    Tsuno, S",
    title        = "Event display of $Z\rightarrow\tau\tau\rightarrow\mu\tau_\mathrm{h}$
                    in 7 TeV collisions",
    institution  = "CERN",
    address      = "Geneva",
    howpublished = "\href{https://cds.cern.ch/record/1294050}{ATL-COM-PHYS-2010-775}",
    year         = "2010",
}
    month        = "Sep",

Z -> tau tau observation support note
@misc{ATL-COM-PHYS-2010-1033,
    author       = "Cavalli, D and Coniavitis, E and Consonni, S and
                    Evangelakou, D and Farrington, S and Fischer, G and
                    Friedrich, F and Griffiths, J and Kaczmarska, A and Kuehn, S
                    and Lai, S and Larner, A and Ptacek, E and Reece, R and
                    Schwindt, T and Vickey, T and Yacoob, S",
    title        = "Observation of $Z\rightarrow\tau\tau$ decays with the ATLAS detector
                    - support note for the $\ell\tau_\mathrm{h}$ channel",
    institution  = "CERN",
    address      = "Geneva",
    howpublished = "\href{https://cds.cern.ch/record/1313262}{ATL-COM-PHYS-2010-1033}",
    year         = "2010",
    note         = "Support note for \href{https://cds.cern.ch/record/1331795}{ATLAS-CONF-2011-010}.",
}
    month        = "Dec",

Z -> tau tau observation CONF note
@misc{ATLAS-CONF-2011-010,
    author = "",
    collaboration  = "{ATLAS}",
    title        = "Observation of $Z\rightarrow\tau_{h}\tau_{l}$ decays with the ATLAS detector",
    institution  = "CERN",
    address      = "Geneva",
    howpublished = "\href{https://cds.cern.ch/record/1331795}{ATLAS-CONF-2011-010}",
    year         = "2011",
}

Z -> tau tau 2010 paper
@article{2012.ATLAS.Ztautau-xsec-2010,
    title          = "{Measurement of the $Z\to\tau\tau$ cross section in pp
                        collisions at $\sqrt{s}$ = 7 TeV with the ATLAS detector}",
    author  = "",
    collaboration  = "{ATLAS}",
    journal        = "Phys.Rev.",
    volume         = "D84",
    pages          = "112006",
    year           = "2011",
    eprint         = "1108.2016",
    archivePrefix  = "arXiv",
    primaryClass   = "hep-ex",
    reportNumber   = "CERN-PH-EP-2011-097",
    SLACcitation   = "%%CITATION = ARXIV:1108.2016;%%",
}

Support note for Z -> tau tau 2010 paper
@misc{ATL-COM-PHYS-2011-416,
    author       = "Boddy, Ch and Capriotti, D and Cavalli, D and Coniavitis, E
                    and Consonni, S and Dhaliwal, S and Evangelakou, D and
                    Farrington, S and Friedrich, F and Griffiths, J and
                    Kaczmarska, A and Kretzschmar, J and Kuehn, S and Lai, S and
                    Larner, A and Liang, Z and Novakova, J and Prudent, X and
                    Ptacek, E and Reece, R and Seifert, F and Schwindt, T and
                    Trottier-McDonald, M and Vickey, T and Wolter, M and Yacoob,
                    S",
    title        = "Measurement of Z-&gt;tautau production cross-section in
                    proton-proton collisions at sqrt{s}=7 TeV with the ATLAS
                    detector - Support Note for lep-had channels",
    institution  = "CERN",
    address      = "Geneva",
    howpublished = "\href{https://cds.cern.ch/record/1346327}{ATL-COM-PHYS-2011-416}",
    year         = "2010",
    note         = "Support note for \href{http://arxiv.org/abs/1108.2016}{arXiv:1108.2016 [hep-ex]}.",
}
    month        = "Apr",

W -> tau nu 2010 paper
@article{2012.ATLAS.Wtaunu-xsec-2010,
    author = "",
    collaboration  = "{ATLAS}",
    title          = "{Measurement of the $W\to\tau\nu$ cross section in pp
                      collisions at $\sqrt{s}$ = 7 TeV with the ATLAS detector}",
    journal        = "Phys.Lett.",
    volume         = "B706",
    pages          = "276-294",
    doi            = "10.1016/j.physletb.2011.11.057",
    year           = "2012",
    eprint         = "1108.4101",
    archivePrefix  = "arXiv",
    primaryClass   = "hep-ex",
    reportNumber   = "CERN-PH-EP-2011-122",
    SLACcitation   = "%%CITATION = ARXIV:1108.4101;%%",
}
draft: ATL-COM-PHYS-2011-778,

ATLAS Z -> tau tau CONF 2011 (1.5/fb)
@misc{ATLAS-CONF-2012-006,
    author = "",
    collaboration  = "{ATLAS}",
    title        = "$Z \rightarrow \tau \tau$ cross section measurement in pp
                    collisions at 7 TeV with the ATLAS experiment",
    institution  = "CERN",
    address      = "Geneva",
    howpublished = "\href{https://cds.cern.ch/record/1426991}{ATLAS-CONF-2012-006}",
    year         = "2012",
}


#------------------------------------------------------------------------------
# not yet used in thesis

Event display of Wtaunu
@misc{ATL-COM-PHYS-2010-520,
      author       = "Nunes Hanninger, G and Kraus, J and Dell'Asta, L and
                      Czyczula, Z and Andreazza, A and Coadou, Y and Demers, S and
                      von Toerne, E and Kroseberg, J",
      title        = "Event display of a $\W\rightarrow\tau\nu$ candidate in 7 TeV data",
      institution  = "CERN",
      address      = "Geneva",
      howpublished = "\herf{https://cds.cern.ch/record/1277939}{ATL-COM-PHYS-2010-520}",
      year         = "2010",
}
      month        = "Jul",

Support note for Wtaunu cross section with 2010 data
@misc{ATL-PHYS-INT-2012-040,
      author       = "Andreazza, A and Dell'Asta, L and Kraus, J and Kroseberg,
                      J and Bechtle, P and Cuenca Almenar, C and Dawe, N and
                      Johnert, S and Liebal, J and Mazini, R and Meng, Z and Nunes
                      Hanninger, G and O'Neil, D and Uhlenbrock, M and von
                      Toerne, E and Wolter, M and Xella, S",
      title        = "Measurement of the $W\rightarrow\tau\nu$ cross section in $pp$
                      collisions at $\sqrt{s}$ = 7 TeV with the ATLAS experiment",
      institution  = "CERN",
      address      = "Geneva",
      howpublished = "\href{https://cds.cern.ch/record/1441145}{ATL-PHYS-INT-2012-040}",
      year         = "2012",
}
      month        = "Apr",
before approval: ATL-COM-PHYS-2011-637

