#------------------------------------------------------------------------------
# used in thesis, reverse chronological from publication date


#------------------------------------------------------------------------------
# not yet used in thesis


@misc{ATL-SOFT-PUB-2007-008,
      author       = "Cranmer, K and Farbin, A and Shibata, A",
      title        = "EventView - The design behind an analysis framework",
      institution  = "CERN",
      address      = "Geneva",
      howpublished = "\href{https://cds.cern.ch/record/1057144}{ATL-SOFT-PUB-2007-008}",
      year         = "2007",
}
before approval: ATL-COM-SOFT-2007-012
      month        = "Sep",

@misc{ATL-SOFT-PUB-2007-002,
      author       = "Shibata, A",
      title        = "TopView - ATLAS top physics analysis package",
      institution  = "CERN",
      address      = "Geneva",
      howpublished = "\href{https://cds.cern.ch/record/1033982}{ATL-SOFT-PUB-2007-002}",
      year         = "2007",
}
      month        = "May",


Analysis Model Forum Report
@misc{ATL-GEN-INT-2008-001,
    author       = "Costanzo, D and Hinchliffe, I and Menke, S",
    title        = "Analysis model forum report",
    institution  = "CERN",
    address      = "Geneva",
    howpublished = "\href{https://cds.cern.ch/record/1081342}{ATL-GEN-INT-2008-001}",
    year         = "2008",
}
before approval: ATL-COM-GEN-2008-001
    month        = "Jan",

