@book{1984.decision-trees,
     author    = "Breiman, L. and  Friedman, J. and Stone, C.J. and Olshen, R.A.",
     title     = "{Classification and Regression Trees}",
     publisher   = "Chapman \& Hall",
     year      = "1984",
}

@inproceedings{1996.BDT-boosting,
     author    = "Freund, Y. and Shapire, R.E.",
     title     = "{Experiments with a New Boosting Algorithm}",
     booktitle = "Proceedings 13th International Conference on Machine Learning",
     year      = "1996",
}

@article{PERF-2013-06,
         collaboration   = "ATLAS",
         title           = "Identification and energy calibration of hadronically decaying tau leptons with the ATLAS experiment in $pp$ collisions at $\sqrt{s}$=8 TeV",
         year            = "2014",
         eprint          = "1412.7086",
         archivePrefix   = "arXiv",
         primaryClass    = "hep-ex",
         reportNumber    = "CERN-PH-EP-2014-227",
         note            = "\href{http://atlas.web.cern.ch/Atlas/GROUPS/PHYSICS/PAPERS/PERF-2013-06/}{PERF-2013-06}. Submitted to EPJC",
}

@misc{ATLAS-CONF-2011-093,
      collaboration = "ATLAS",
      title         = "Measurement of hadronic tau decay identification efficiency using $W\to\tau\nu$ events",
      institution   = "CERN",
      address       = "Geneva",
      howpublished  = "\href{https://atlas.web.cern.ch/Atlas/GROUPS/PHYSICS/CONFNOTES/ATLAS-CONF-2011-093/}{ATLAS-CONF-2011-093}",
      year          = "2011",
}

@misc{ATLAS-CONF-2012-142,
      collaboration = "ATLAS",
      title         = "Performance of the Reconstruction and Identification of Hadronic tau Decays in ATLAS with 2011 Data",
      institution   = "CERN",
      address       = "Geneva",
      howpublished  = "\href{https://atlas.web.cern.ch/Atlas/GROUPS/PHYSICS/CONFNOTES/ATLAS-CONF-2012-142/}{ATLAS-CONF-2012-142}",
      year          = "2012",
}

@misc{ATLAS-CONF-2013-064,
      collaboration = "ATLAS",
      title         = "Identification of Hadronic Decays of Tau Leptons in 2012 Data with the ATLAS Detector",
      institution   = "CERN",
      address       = "Geneva",
      howpublished  = "\href{https://atlas.web.cern.ch/Atlas/GROUPS/PHYSICS/CONFNOTES/ATLAS-CONF-2013-064/}{ATLAS-CONF-2013-064}",
      year          = "2013",
}

@misc{ATLAS-CONF-2013-044,
      collaboration = "ATLAS",
      title         = "Determination of the tau energy scale and the associated systematic uncertainty in proton-proton collisions at $\sqrt(s) = 8$ TeV with the ATLAS detector at the LHC in 2012",
      institution   = "CERN",
      address       = "Geneva",
      howpublished  = "\href{https://atlas.web.cern.ch/Atlas/GROUPS/PHYSICS/CONFNOTES/ATLAS-CONF-2013-044/}{ATLAS-CONF-2013-044}",
      year          = "2013",
}

@misc{ATL-COM-DAQ-2012-001,
      collaboration = "ATLAS",
      title         = "Tau Trigger Rate Plots for 2011",
      institution   = "CERN",
      address       = "Geneva",
      howpublished  = "\href{https://cds.cern.ch/record/1411631}{ATL-COM-DAQ-2012-001}",
      year          = "2011",
}

