#------------------------------------------------------------------------------
# used in thesis, reverse chronological from publication date


#------------------------------------------------------------------------------
# not yet used in thesis

top cross section
@misc{ATLAS-CONF-2011-119,
    author = "",
    collaboration  = "{ATLAS}",
    title        = "Measurement of the top quark pair production cross section
                    in pp collisions at $\sqrt{s}=$ 7 TeV in $\mu$+$\tau$ final
                    states with ATLAS.",
    institution  = "CERN",
    address      = "Geneva",
    howpublished = "\href{https://cds.cern.ch/record/1376411}{ATLAS-CONF-2011-119}",
    year         = "2011",
}

