#------------------------------------------------------------------------------
# used in thesis, reverse chronological from publication date

W and Z cross section JHEP with 2010 data
@article{2010.ATLAS.W-Z-xsec,
    author          = "",
    collaboration   = "{ATLAS}",
    title         = "{Measurement of the $W\rightarrow\ell\nu$ and
                      $Z/\gamma^{*}\rightarrow\ell\ell$
                      production cross sections in proton-proton
                      collisions at $\sqrt{s}$ = 7 TeV with the ATLAS detector}",
    journal        = "JHEP",
    volume         = "1012",
    pages          = "060",
    doi            = "10.1007/JHEP12(2010)060",
    year           = "2010",
    eprint         = "1010.2130",
    archivePrefix  = "arXiv",
    primaryClass   = "hep-ex",
    reportNumber   = "CERN-PH-EP-2010-037", 
    SLACcitation   = "%%CITATION = ARXIV:1010.2130;%%",
}

@article{2012.ATLAS.ZpT,
    author         = "",
    collaboration  = "{ATLAS}",
    title          = "{Measurement of the transverse momentum distribution of
                      $Z/\gamma^{*}$ bosons in proton-proton collisions at
                      $\sqrt{s}=7$ TeV with the ATLAS detector}",
    journal        = "Phys.Lett.",
    volume         = "B705",
    pages          = "415-434",
    doi            = "10.1016/j.physletb.2011.10.018",
    year           = "2011",
    eprint         = "1107.2381",
    archivePrefix  = "arXiv",
    primaryClass   = "hep-ex",
    reportNumber   = "CERN-PH-EP-2011-095",
    SLACcitation   = "%%CITATION = ARXIV:1107.2381;%%",
}

@article{2012.ATLAS.WpT,
    author         = "",
    collaboration  = "{ATLAS}",
    title          = "{Measurement of the transverse momentum distribution of
                      $W$ bosons in $pp$ collisions at $\sqrt{s}=7$ TeV with the
                      ATLAS detector}",
    journal        = "Phys.Rev.",
    volume         = "D85",
    pages          = "012005",
    doi            = "10.1103/PhysRevD.85.012005",
    year           = "2012",
    eprint         = "1108.6308",
    archivePrefix  = "arXiv",
    primaryClass   = "hep-ex",
    reportNumber   = "CERN-PH-EP-2011-134",
    SLACcitation   = "%%CITATION = ARXIV:1108.6308;%%",
}

@article{2012.ATLAS.W-Z-xsec-2010,
    author         = "",
    collaboration  = "{ATLAS}",
    title          = "{Measurement of the inclusive $W^\pm$ and $Z/\gamma^{*}$
                       cross sections in the electron and muon decay channels in
                       $pp$ collisions at $\sqrt{s}=7$ TeV with the ATLAS detector}",
    journal        = "Phys.Rev.",
    volume         = "D85",
    pages          = "072004",
    doi            = "10.1103/PhysRevD.85.072004",
    year           = "2012",
    eprint         = "1109.5141",
    archivePrefix  = "arXiv",
    primaryClass   = "hep-ex",
    reportNumber   = "CERN-PH-EP-2011-143",
    SLACcitation   = "%%CITATION = ARXIV:1109.5141;%%",
}


#------------------------------------------------------------------------------
# not yet used in thesis



