#------------------------------------------------------------------------------
# used in thesis, reverse chronological from publication date

topological clusters
@misc{ATL-LARG-PUB-2008-002,
    author       = "Lampl, W and Laplace, S and Lelas, D and Loch, P and Ma, H
                    and Menke, S and Rajagopalan, S and Rousseau, D and Snyder,
                    S and Unal, G",
    title        = "Calorimeter clustering algorithms: description and
                    performance",
    institution  = "CERN",
    address      = "Geneva",
    howpublished = "\href{http://cdsweb.cern.ch/record/1099735}{ATL-LARG-PUB-2008-002}",
    year         = "2008",
}
    note         = "http://cdsweb.cern.ch/record/1099735",

JVF
@misc{ATL-COM-PHYS-2008-008,
    author       = "Miller, D W and Schwartzman, A and Su, D",
    title        = "Jet-vertex association algorithm",
    institution  = "CERN",
    address      = "Geneva",
    howpublished = "\href{https://cds.cern.ch/record/1082880}{ATL-COM-PHYS-2008-008}",
    year         = "2008",
}
    month        = "Jan",

LC calibration scheme
@misc{ATL-LARG-PUB-2009-001-2,
    author       = "{Barillari, T et al.}",
    title        = "Local hadronic calibration",
    institution  = "CERN",
    address      = "Geneva",
    howpublished = "\href{https://cds.cern.ch/record/1112035}{ATL-LARG-PUB-2009-001-2}",
    year         = "2008",
}
    note         = "{ATL-LARG-PUB-2009-001-2}",
    month        = "Jun",

JES 2011
@article{2011.ATLAS.JES-2010,
    author          = "",
    collaboration   = "{ATLAS}",
    title          = "{Jet energy measurement with the ATLAS detector in
                      proton-proton collisions at $\sqrt{s}$ = 7 TeV}",
    year           = "2011",
    eprint         = "1112.6426",
    archivePrefix  = "arXiv",
    primaryClass   = "hep-ex",
    reportNumber   = "CERN-PH-EP-2011-191",
    SLACcitation   = "%%CITATION = ARXIV:1112.6426;%%",
    note           = "Submitted to EPJC",
}

David Miller's thesis - JVF
@phdthesis{2011.Miller.thesis-JVF,
    author       = "Miller, D.~W.",
    title        = "Measurement of hadronic event shapes and jet substructure
                    in proton-proton collisions at 7 TeV center-of-mass energy
                    with the ATLAS detector at the Large Hadron Collider",
    school       = "Stanford University",
    address      = "Menlo Park, CA",
    year         = "2011",
    note         = "\href{http://cdsweb.cern.ch/record/1393742}{CERN-THESIS-2011-144}",
}
    howpublished = "\href{http://cdsweb.cern.ch/record/1393742}{CERN-THESIS-2011-144}",

@misc{ATLAS-CONF-2011-053,
    author         = "",
    collaboration  = "{ATLAS}",
    title        = "Light-quark and gluon jets in ATLAS",
    institution  = "CERN",
    address      = "Geneva",
    howpublished = "\href{https://cds.cern.ch/record/1342550}{ATLAS-CONF-2011-053}",
    year         = "2011",
}

@misc{ATL-PHYS-PUB-2011-010,
    author         = "",
    collaboration  = "{ATLAS}",
    title        = "Jet shapes in ATLAS and MC modeling",
    institution  = "CERN",
    address      = "Geneva",
    howpublished = "\href{https://cds.cern.ch/record/1368881}{ATL-PHYS-PUB-2011-010}",
    year         = "2011",
}
    month        = "Jul",

@article{2011.ATLAS.jet-shapes,
    author         = "",
    collaboration  = "{ATLAS}",
    title          = "{Study of jet shapes in inclusive jet production in $pp$
                      collisions at $\sqrt{s}=7$ TeV using the ATLAS detector}",
    journal        = "Phys.Rev.D",
    volume         = "{83}",
    pages          = "052003",
    doi            = "10.1103/PhysRevD.83.052003",
    year           = "2011",
    eprint         = "1101.0070",
    archivePrefix  = "arXiv",
    primaryClass   = "hep-ex",
    reportNumber   = "CERN-PH-EP-2010-077",
    SLACcitation   = "%%CITATION = ARXIV:1101.0070;%%",
}

@misc{ATL-COM-PHYS-2011-1319,
    author       = "Alon, R and Asquith, L and Baker, S and Bergeaas Kuutmann,
        E and Chapleau, B and Chekanov, S and Davison, A R and 
        Duchovni, E and Farooque, T and Ferrando, J and Gomez
        Fajardo, L S and Karagoz, M and Livermore, S and Lewis, A
        and Miller, D W and Moenig, K and Oliver, E and Proudfoot, J
        and Sandoval, C and Schwartzman, A and Sinervo, P and 
        Villaplana, M and Vos, M", 
    title        = "Backup note for jet mass and substructure in QCD jets with the ATLAS experiment",
    institution  = "CERN",
    address      = "Geneva",
    howpublished = "\href{https://cds.cern.ch/record/1386682}{ATL-COM-PHYS-2011-1319}",
    year         = "2011",
}

@misc{ATL-COM-INDET-2011-028,
      author       = "Begel, M and Gaponenko, A and Hinchliffe, I and Paige, F
                      and Ruwiedel, C and Shapiro, M and Zenz, S",
      title        = "A study of release 16 tracking performance in jets using
                      2010 data",
      institution  = "CERN",
      address      = "Geneva",
      howpublished = "\href{https://cds.cern.ch/record/1356615}{ATL-COM-INDET-2011-028}",
      year         = "2011",
}

@article{2012.ATLAS.JER-2010,
    author         = "",
    collaboration  = "{ATLAS}",
    title          = "{Jet energy resolution in proton-proton collisions at
                       $\sqrt{s}=7$ TeV recorded in 2010 with the ATLAS
                       detector}",
    year           = "2012",
    eprint         = "1210.6210",
    archivePrefix  = "arXiv",
    primaryClass   = "hep-ex",
    reportNumber   = "CERN-PH-EP-2012-191",
    SLACcitation   = "%%CITATION = ARXIV:1210.6210;%%",
}

@misc{ATLAS-CONF-2012-138,
    author         = "",
    collaboration  = "{ATLAS}",
    title        = "Light-quark and gluon Jets: calorimeter response,
                    jet energy scale systematics and properties",
    institution  = "CERN",
    address      = "Geneva",
    howpublished = "\href{https://cds.cern.ch/record/1480629}{ATLAS-CONF-2012-138}",
    year         = "2012",
}
    month        = "Sep",


#------------------------------------------------------------------------------
# twikis

@misc{ATLAS-twiki-jetetmiss-perf,
    author       = "{ATLAS JetEtMiss Performance Group}",
    title        = "{JetEtMiss performance twiki}",
    howpublished = "\href{https://twiki.cern.ch/twiki/bin/view/AtlasProtected/JetEtMiss}{https://twiki.cern.ch/twiki/bin/view/AtlasProtected/JetEtMiss}",
    year         = "2012",
}
    note         = "Jet cleaning cuts are also summarized in Appendix B of 
                    \href{https://cds.cern.ch/record/1439018}{ATL-COM-PHYS-2012-394}.",


#------------------------------------------------------------------------------
# not yet used in thesis

JES 2010
@misc{ATLAS-CONF-2010-056,
    author          = "",
    collaboration   = "{ATLAS}",
    title           = "Jet energy scale and its systematic uncertainty for jets
                       produced in proton-proton collisions at $\sqrt{s}$=7 TeV
                       and measured with the ATLAS detector",
    howpublished    ="\href{https://cds.cern.ch/record/1281329}{ATLAS-CONF-2010-056}",
    year            = "2010",
    institution  = "CERN",
    address      = "Geneva",
}

@misc{ATLAS-CONF-2011-159,
    author          = "",
    collaboration   = "{ATLAS}",
    title        = "Validating the measurement of jet energies with the ATLAS
                    detector using Z + jet events from proton-proton collisions
                    at $\sqrt{s}$ = 7 TeV",
    institution  = "CERN",
    address      = "Geneva",
    howpublished = "\href{https://cds.cern.ch/record/1403179}{ATLAS-CONF-2011-159}",
    year         = "2011",
}

@misc{ATLAS-CONF-2011-032,
    author          = "",
    collaboration   = "{ATLAS}",
    title        = "Jet energy scale and its systematic uncertainty in
                    proton-proton collisions at $\sqrt{s}$=7 TeV in ATLAS 2010
                    data",
    institution  = "CERN",
    address      = "Geneva",
    howpublished = "\href{https://cds.cern.ch/record/1337782}{ATLAS-CONF-2011-032}",
    year         = "2011",
}

E/p method
@misc{ATLAS-CONF-2010-052,
    author          = "",
    collaboration   = "{ATLAS}",
    title           = "ATLAS calorimeter response to single isolated hadrons and estimation
                       of the calorimeter jet scale uncertainty",
    institution     = "CERN",
    address         = "Geneva",
    howpublished    = "\href{https://cds.cern.ch/record/1281309}{ATLAS-CONF-2010-052}",
    year            = "2010",
}

jet properies CONF note
@misc{ATLAS-CONF-2010-053,
    author          = "",
    collaboration   = "{ATLAS}",
    title        = "Properties of jets and inputs to jet reconstruction and
                    calibration with the ATLAS detector using proton-proton
                    collisions at $\sqrt{s}=7$ TeV",
    institution  = "CERN",
    address      = "Geneva",
    howpublished = "\href{https://cds.cern.ch/record/1281310}{ATLAS-CONF-2010-053}",
    year         = "2010",
}

Numerical Inversion
@misc{ATL-PHYS-INT-2009-077,
    author       = "Lopez Mateos, David and Hughes, E W. and Schwartzman, A",
    title        = "A Simple $p_T-$ and $\eta-$Dependent Monte Carlo-Based Jet Calibration",
    howpublished = "\href{https://cds.cern.ch/record/1201006}{ATL-PHYS-INT-2009-077}",
    year         = "2009",
    institution  = "CERN",
    address      = "Geneva",
}

@misc{ATLAS-CONF-2010-038,
    author = "",
    collaboration  = "{ATLAS}",
    title        = "Data-Quality Requirements and Event Cleaning for Jets and
                    Missing Transverse Energy Reconstruction with the ATLAS
                    Detector in Proton-Proton Collisions at a Center-of-Mass
                    Energy of $sqrt{s}=7$ TeV",
    institution  = "CERN",
    address      = "Geneva",
    howpublished = "\href{http://cdsweb.cern.ch/record/1277678}{ATLAS-CONF-2010-038}",
    year         = "2010",
}

jet cross section EPJC with 2010 data
@article{2010.ATLAS.jet-xsec,
    author          = "",
    collaboration   = "{ATLAS}",
    title          = "{Measurement of inclusive jet and dijet cross sections in
                       proton-proton collisions at 7 TeV centre-of-mass energy
                       with the ATLAS detector}",
    journal        = "Eur.Phys.J.C",
    year           = "2010",
    eprint         = "1009.5908",
    archivePrefix  = "arXiv",
    primaryClass   = "hep-ex",
}

jet cross section EPJC with 2011 data
JESUncertainty2011 ?
@article{2011.ATLAS.jet-xsec,
    author = "",
    collaboration  = "{ATLAS}",
    title          = "{Measurement of inclusive jet and dijet cross sections in
                      proton-proton collisions at 7 TeV centre-of-mass energy
                      with the ATLAS detector}",
    journal        = "Eur.Phys.J.C.",
    volume         = "71",
    pages          = "1512",
    doi            = "10.1140/epjc/s10052-010-1512-2",
    year           = "2011",
    eprint         = "1009.5908",
    archivePrefix  = "arXiv",
    primaryClass   = "hep-ex",
    reportNumber   = "CERN-PH-EP-2010-034",
    SLACcitation   = "%%CITATION = ARXIV:1009.5908;%%",
}

