#------------------------------------------------------------------------------
# used in thesis, reverse chronological from publication date

@article{2012.ATLAS.egamma-performance-2010,
    author         = "",
    collaboration  = "{ATLAS}",
    title          = "{Electron performance measurements with the ATLAS
        detector using the 2010 LHC proton-proton collision data}",
    journal        = "Eur.Phys.J.",
    volume         = "C72",
    pages          = "1909",
    doi            = "10.1140/epjc/s10052-012-1909-1",
    year           = "2012",
    eprint         = "1110.3174",
    archivePrefix  = "arXiv",
    primaryClass   = "hep-ex",
    reportNumber   = "CERN-PH-EP-2011-117",
    SLACcitation   = "%%CITATION = ARXIV:1110.3174;%%",
}
before approval: ATLAS-PERF-2010-04-001


#------------------------------------------------------------------------------
# twikis

@misc{ATLAS-twiki-egamma-perf,
    author       = "{ATLAS Egamma Performance Group}",
    title        = "{Egamma performance twiki}",
    howpublished = "\href{https://twiki.cern.ch/twiki/bin/view/AtlasProtected/ElectronGamma}{https://twiki.cern.ch/twiki/bin/view/AtlasProtected/ElectronGamma}",
    year         = "2012",
}

@misc{ATLAS-twiki-TechnicalitiesForMedium1,
    author       = "{ATLAS Egamma Performance Group}",
    title        = "{ATLAS egamma performance TechnicalitiesForMedium1}",
    howpublished = "\href{https://twiki.cern.ch/twiki/bin/viewauth/AtlasProtected/TechnicalitiesForMedium1}{https://twiki.cern.ch/twiki/bin/viewauth/AtlasProtected/TechnicalitiesForMedium1}",
    year         = "2011",
}


#------------------------------------------------------------------------------
# not yet used in thesis

@misc{ATLAS-twiki-EgammaEfficiencyMeasurements,
    author       = "{ATLAS Egamma Performance Group}",
    title        = "{ATLAS egamma efficiency measurements for 2011 data}",
    howpublished = "\href{https://twiki.cern.ch/twiki/bin/viewauth/AtlasProtected/EfficiencyMeasurements}{https://twiki.cern.ch/twiki/bin/viewauth/AtlasProtected/EfficiencyMeasurements}",
    year         = "2011",
}

@misc{ATLAS-twiki-TrigEgammaRecommendedTriggers2011,
    author       = "{ATLAS Egamma Performance Group}",
    title        = "{ATLAS egamma trigger recommendations for 2011 data}",
    howpublished = "\herf{https://twiki.cern.ch/twiki/bin/view/Atlas/TrigEgammaRecommendedTriggers2011}{https://twiki.cern.ch/twiki/bin/view/Atlas/TrigEgammaRecommendedTriggers2011}",
    year         = "2011",
}

@misc{ATLAS-twiki-ElectronEnergyScale2011,
    author       = "{ATLAS Egamma Performance Group}",
    title        = "{ATLAS egamma performance electron energy scale recommendations}",
    howpublished = "\href{https://twiki.cern.ch/twiki/bin/viewauth/AtlasProtected/EnergyScaleResolutionRecommendations}{https://twiki.cern.ch/twiki/bin/viewauth/AtlasProtected/EnergyScaleResolutionRecommendations}",
    year         = "2011",
}

@misc{ATLAS-twiki-ElectronEff2011,
    author       = "{ATLAS Egamma Performance Group}",
    title        = "{ATLAS egamma performance electron efficiency recommendations}",
    howpublished = "\href{https://twiki.cern.ch/twiki/bin/viewauth/AtlasProtected/EfficiencyMeasurements}{https://twiki.cern.ch/twiki/bin/viewauth/AtlasProtected/EfficiencyMeasurements}",
    year         = "2011",
}

@misc{ATLAS-twiki-ElectronCaloIsoCorrections2011,
    author       = "{ATLAS Egamma Performance Group}",
    title        = "{ATLAS egamma performance electron calorimeter isolation corrections}",
    howpublished = "\href{https://twiki.cern.ch/twiki/bin/viewauth/AtlasProtected/CaloIsolationCorrections}{https://twiki.cern.ch/twiki/bin/viewauth/AtlasProtected/CaloIsolationCorrections}",
    year         = "2011",
}

@misc{ATLAS-twiki-IsEMIdentification2011,
    author       = "{ATLAS Egamma Performance Group}",
    title        = "{ATLAS egamma performance IsEMIdentification}",
    howpublished = "\href{https://twiki.cern.ch/twiki/bin/viewauth/AtlasProtected/IsEMIdentification}{https://twiki.cern.ch/twiki/bin/viewauth/AtlasProtected/IsEMIdentification}",
    year         = "2011",
}



