#------------------------------------------------------------------------------
# used in thesis, reverse chronological from publication date

#------------------------------------------------------------------------------
# twikis

@misc{ATLAS-twiki-lumi-public-results,
    author         = "",
    collaboration  = "{ATLAS}",
    title        = "{Luminosity public results}",
    howpublished = "\href{https://twiki.cern.ch/twiki/bin/view/AtlasPublic/LuminosityPublicResults}{https://twiki.cern.ch/twiki/bin/view/AtlasPublic/LuminosityPublicResults}",
    year         = "2012",
}


#------------------------------------------------------------------------------
# not yet used in thesis


lumi uncertainty < 2% in 2010 data
@article{2011.ATLAS.lumi-uncert-2010,
      title          = "{Luminosity Determination in pp Collisions at sqrt(s)=7
                        TeV Using the ATLAS Detector at the LHC}",
      collaboration  = "{ATLAS}",
      journal        = "Eur.Phys.J.",
      volume         = "C71",
      pages          = "1630",
      doi            = "10.1140/epjc/s10052-011-1630-5",
      year           = "2011",
      eprint         = "1101.2185",
      archivePrefix  = "arXiv",
      primaryClass   = "hep-ex",
      SLACcitation   = "%%CITATION = ARXIV:1101.2185;%%",
}

lumi uncertainty = 3.7% in 2011 data
@misc{ATLAS-CONF-2011-116,
      author         = "",
      collaboration  = "{ATLAS}",
      title        = "Luminosity determination in pp collisions at $\sqrt{s}$ = 7
                      TeV using the ATLAS detector in 2011",
      institution  = "CERN",
      address      = "Geneva",
      howpublished = "\href{https://cds.cern.ch/record/1376384}{ATLAS-CONF-2011-116}",
      year         = "2011",
      note         = "http://cdsweb.cern.ch/record/1376384",
}


