#------------------------------------------------------------------------------
# used in thesis, reverse chronological from publication date

@article{2008.ATLAS-TRT.design-and-perf,
    author="{ATLAS TRT Collaboration}",
    title={The ATLAS Transition Radiation Tracker (TRT) proportional drift tube: design and performance},
    journal={Journal of Instrumentation},
    volume={3},
    number={02},
    pages={P02013},
    url={http://stacks.iop.org/1748-0221/3/i=02/a=P02013},
    year={2008},
}

@article{2008.ATLAS-TRT.barrel,
    author="{ATLAS TRT Collaboration}",
    title={The ATLAS TRT Barrel Detector},
    journal={Journal of Instrumentation},
    volume={3},
    number={02},
    pages={P02014},
    url={http://stacks.iop.org/1748-0221/3/i=02/a=P02014},
    year={2008},
}

@article{2008.ATLAS-TRT.end-caps,
    author="{ATLAS TRT Collaboration}",
    title={The ATLAS TRT end-cap detectors},
    journal={Journal of Instrumentation},
    volume={3},
    number={10},
    pages={P10003},
    url={http://stacks.iop.org/1748-0221/3/i=10/a=P10003},
    year={2008},
}
    
@article{2008.ATLAS-TRT.electronics,
    author="{ATLAS TRT Collaboration}",
    title={The ATLAS TRT electronics},
    journal={Journal of Instrumentation},
    volume={3},
    number={06},
    pages={P06007},
    url={http://stacks.iop.org/1748-0221/3/i=06/a=P06007},
    year={2008},
}

@misc{ATL-D-ES-0019,
    author       = "Anjos, A and Beck, H and Gorini, B",
    title        = "{The raw event format in the ATLAS Trigger \& DAQ, version 4.0}",
    institution  = {CERN},
    address      = "Geneva",
    howpublished = "{ATL-D-ES-0019}",
    year         = "2008",
}

@misc{ATL-DQ-EN-0021,
    author       = "Beck, H and Gadomski, S",
    title        = "{Format of the data files written by EventStorage library of ATLAS TDAQ}",
    institution  = {CERN},
    address      = "Geneva",
    howpublished = "{ATL-DQ-EN-0021}",
    year         = "2008",
}

TRT low threshold
@misc{ATL-INDET-INT-2008-002,
    author       = "Reece, R",
    title        = "TRT low threshold calibration",
    institution  = "CERN",
    address      = "Geneva",
    howpublished = "\href{https://cds.cern.ch/record/1115417}{ATL-INDET-INT-2008-002}",
    year         = "2008",
}
before approval: ATL-COM-INDET-2008-009
    month        = "Jul",

TRT Granularity
@misc{ATL-COM-INDET-2009-016,
      author       = "Hance, M and Olivito, D and Saxon, J and Wagner, P",
      title        = "Readout of the ATLAS Transition Radiation Tracker: data
                      structure and detector granularity",
      institution  = "CERN",
      address      = "Geneva",
      howpublished = "\href{https://cds.cern.ch/record/1179456}{ATL-COM-INDET-2009-016}",
      year         = "2009",
}
      month        = "May",

TRT Straw Geometry
@misc{ATL-COM-INDET-2010-002,
      author       = "Fratina, S and Klinkby, E",
      title        = "The Geometry of the ATLAS Transition Radiation Tracker",
      institution  = "CERN",
      address      = "Geneva",
      howpublished = "\href{https://cds.cern.ch/record/1232064}{ATL-COM-INDET-2010-002}",
      year         = "2010",
}
      month        = "Jan",

Savannah bug #74345
@misc{savannah74345,
    title        = "{Savannah bug \#74345: TRT straws inefficient in tracking}",
    howpublished = "{https://savannah.cern.ch/bugs/?74345}",
    month        = "Oct",
    year         = "2010",
}

@misc{ATLAS-CONF-2011-128,
    title        = "Particle identification performance of the ATLAS Transition
                    Radiation Tracker",
    institution  = "CERN",
    address      = "Geneva",
    howpublished = "\href{https://cds.cern.ch/record/1383793}{ATLAS-CONF-2011-128}",
    year         = "2011",
}
    month        = "Sep",

TRT straw hit efficiency
@misc{ATL-COM-INDET-2011-088,
    author       = "Reece, R and Adelman, J and Fratina, S and Guest, D and
                    Klinkby, E",
    title        = "TRT straw hit efficiency",
    institution  = "CERN",
    address      = "Geneva",
    howpublished = "\href{https://cds.cern.ch/record/1384438}{ATL-COM-INDET-2011-088}",
    year         = "2011",
}
    month        = "Sep",


#------------------------------------------------------------------------------
# not yet used in thesis

@misc{ATL-COM-PHYS-2012-468,
    author       = "Adelman, J and Juengst, M and Salzburger, A and Andreazza, A",
    title        = "TRT occupancy and tracking performance with large pileup",
    institution  = "CERN",
    address      = "Geneva",
    howpublished = "\href{https://cds.cern.ch/record/1445288}{ATL-COM-PHYS-2012-468}",
    year         = "2012",
}
    month        = "May",


