#------------------------------------------------------------------------------
# used in thesis, reverse chronological from publication date

AUET1
@misc{ATL-PHYS-PUB-2010-014,
    author        = "",
    collaboration = "{ATLAS}",
    title        = "First tuning of HERWIG/JIMMY to ATLAS data",
    institution  = "CERN",
    address      = "Geneva",
    howpublished = "\href{https://cds.cern.ch/record/1303025}{ATL-PHYS-PUB-2010-014}",
    year         = "2010",
}

AMBT1 tune of Pythia
@misc{ATLAS-CONF-2010-031,
    author        = "",
    collaboration = "{ATLAS}",
    title         = "Charged particle multiplicities in $pp$ interactions at $\sqrt{s}=0.9$ and 7~TeV in a diffractive limited phase space measured with the ATLAS detector at the LHC and a new PYTHIA 6 tune",
    howpublished  = "\href{https://cds.cern.ch/record/1277665}{ATLAS-CONF-2010-031}",
    institution  = "CERN",
    address      = "Geneva",
    year         = "2010",
}


#------------------------------------------------------------------------------
# not yet used in thesis

MC09 tunes
@misc{ATL-PHYS-PUB-2010-002,
    author          = "",
    collaboration   = "ATLAS",
    title           = "ATLAS Monte Carlo tunes for MC09",
    institution     = "CERN",
    address         = "Geneva",
    howpublished    = "\href{https://cds.cern.ch/record/1247375}{ATL-PHYS-PUB-2010-002}",
    year            = "2010",
}

AMBT2 tune of Pythia
@misc{ATL-PHYS-PUB-2011-009,
    author          = "",
    collaboration   = "ATLAS",
    title           = "ATLAS tunes of PYTHIA 6 and Pythia 8 for MC11",
    institution     = "CERN",
    address         = "Geneva",
    howpublished    = "\href{http://cdsweb.cern.ch/record/1363300}{ATL-PHYS-PUB-2011-009}",
    year            = "2011",
}

