#------------------------------------------------------------------------------
# used in thesis, reverse chronological from publication date


#------------------------------------------------------------------------------
# not yet used in thesis

ATLAS Physics TDR
@book{1999.ATLAS.Physics-TDR,
    author       = "",
    collaboration  = "{ATLAS}",
    title        = "{ATLAS} detector and physics performance: Technical Design Report",
    publisher    = "CERN",
    address      = "Geneva",
    year         = "1999",
    howpublished = "{ATLAS-TDR-014, CERN/LHCC 99-14}",
}

ATLAS Computing TDR
@book{2005.ATLAS.Computing-TDR,
    title        = "Atlas Computing: technical design report",
    publisher    = "CERN",
    address      = "Geneva",
    year         = "2005",
}
https://cds.cern.ch/record/837738

ATLAS detector paper
@article{2008.ATLAS.detector-paper,
    author         = "",
    collaboration  = "{ATLAS}",
    title = "{The ATLAS experiment at the CERN Large Hadron Collider}",
    journal   = "JINST",
    volume    = "3",
    year      = "2008",
    pages     = "S08003"
}
    howpublished = "\href{http://jinst.sissa.it/LHC/}{http://jinst.sissa.it/LHC/}",

CSC Book
@book{2008.ATLAS.CSC-book,
    author        = "",
    collaboration = "{ATLAS}",
    title        = "{Expected performance of the ATLAS experiment: detector,
                      trigger and physics}",
    publisher    = "CERN",
    address      = "Geneva",
    year         = "2008",
    eprint       = "arXiv:0901.0512",
    howpublished = "\href{https://cds.cern.ch/record/1125884}{CERN-OPEN-2008-020}",
}
    note         = "CERN-OPEN-2008-020",

@article{2009.ATLAS.performance-first-collisions,
      author         = "",
      collaboration  = "{ATLAS}",
      title          = "{Performance of the ATLAS detector using first collision data}",
      journal        = "JHEP",
      volume         = "1009",
      pages          = "056",
      doi            = "10.1007/JHEP09(2010)056",
      year           = "2010",
      eprint         = "1005.5254",
      archivePrefix  = "arXiv",
      primaryClass   = "hep-ex",
      SLACcitation   = "%%CITATION = ARXIV:1005.5254;%%",
}

@article{2010.ATLAS.simulation-infrastructure,
    author          = "", 
    collaboration   = "{ATLAS}",
    title = "{The ATLAS simulation infrastructure}",
    journal        = "Eur.Phys.J.C",
    year           = "2010",
    volume         = "{70}",
    eprint         = "1005.4568",
    archivePrefix  = "arXiv",
    primaryClass   = "physics.ins-det",
}
    doi = {10.1140/epjc/s10052-010-1429-9},

@misc{ATL-COM-DAQ-2014-054,
    author        = "{ATLAS Internal}",
    title        = "Trigger Menu Strategy for Run 2",
    institution  = "CERN",
    address      = "Geneva",
    howpublished = "\href{https://cds.cern.ch/record/1703730}{ATL-COM-DAQ-2014-054}",
    year         = "2014",
}

@misc{ATL-DAQ-PROC-2013-039,
    collaboration = "ATLAS",
    title        = "Upgrade of the ATLAS Level-1 trigger with an FPGA based Topological Processor",
    institution  = "CERN",
    address      = "Geneva",
    howpublished = "\href{https://cds.cern.ch/record/1628755}{ATL-DAQ-PROC-2013-039}",
    year         = "2013",
}

@misc{ATL-COM-DAQ-2014-005,
    author        = "{ATLAS Internal}",
    title        = "Physics Uses and Hardware Constraints of the L1 Topological Trigger",
    institution  = "CERN",
    address      = "Geneva",
    howpublished = "\href{https://cds.cern.ch/record/1645921}{ATL-COM-DAQ-2014-005}",
    year         = "2014",
}

