@article{PERF-2014-05,
         collaboration  = "ATLAS",
         title          = "Measurement of the muon reconstruction performance of the ATLAS detector using 2011 and 2012 LHC proton-proton collision data",
         journal        = "Eur.Phys.J.",
         volume         = "C74",
         pages          = "3130",
         doi            = "10.1140/epjc/s10052-014-3130-x",
         year           = "2014",
         eprint         = "1407.3935",
         archivePrefix  = "arXiv",
         primaryClass   = "hep-ex",
         reportNumber   = "CERN-PH-EP-2014-151",
         note           = "\href{https://atlas.web.cern.ch/Atlas/GROUPS/PHYSICS/PAPERS/PERF-2014-05/}{PERF-2014-05}",
}

@article{TRIG-2012-03,
         collaboration  = "ATLAS",
         title          = "Performance of the ATLAS muon trigger in pp collisions at $\sqrt{s} = 8$ TeV",
         year           = "2014",
         eprint         = "1408.3179",
         archivePrefix  = "arXiv",
         primaryClass   = "hep-ex",
         reportNumber   = "CERN-PH-EP-2014-154",
         note           = "\href{https://atlas.web.cern.ch/Atlas/GROUPS/PHYSICS/PAPERS/TRIG-2012-03/}{TRIG-2012-03}. Submitted to Eur. Phys. J.",
}

@article{2010.muonspectrometer,
         collaboration  = "ATLAS",
         title          = "Commissioning of the ATLAS Muon Spectrometer with Cosmic Rays",
         journal        = "Eur. Phys. J.",
         volume         = "C70",
         pages          = "875-916",
         doi            = "10.1140/epjc/s10052-010-1415-2",
         year           = "2010",
         eprint         = "1006.4384",
         archivePrefix  = "arXiv",
         primaryClass   = "hep-ex",
         reportNumber   = "CERN-PH-EP-2010-045",
         note           = "\href{https://cds.cern.ch/record/1275998}{cds.cern.ch/record/1275998}",
}

@article{PERF-2013-02,
         collaboration  = "ATLAS",
         title          = "Light-quark and gluon jet discrimination in pp collisions at $\sqrt{s}$ = 7 TeV with the ATLAS detector",
         journal        = "Eur. Phys. J.",
         volume         = "C74",
         pages          = "3023",
         doi            = "10.1140/epjc/s10052-014-3023-z",
         year           = "2014",
         eprint         = "1405.6583",
         archivePrefix  = "arXiv",
         primaryClass   = "hep-ex",
         reportNumber   = "CERN-PH-EP-2014-058",
         note           = "\href{http://atlas.web.cern.ch/Atlas/GROUPS/PHYSICS/PAPERS/PERF-2013-02/}{PERF-2013-02}",
}

@article{PERF-2012-01,
         collaboration  = "ATLAS",
         title          = "Jet energy measurement and its systematic uncertainty in proton-proton collisions at $\sqrt{s}= 7$ TeV",
         journal        = "Eur. Phys. J.",
         volume         = "C75",
         pages          = "17",
         doi            = "10.1140/epjc/s10052-014-3190-y",
         year           = "2014",
         eprint         = "1406.0076",
         archivePrefix  = "arXiv",
         primaryClass   = "hep-ex",
         reportNumber   = "CERN-PH-EP-2013-222",
         note           = "\href{http://atlas.web.cern.ch/Atlas/GROUPS/PHYSICS/PAPERS/PERF-2012-01/}{PERF-2012-01}",
}

@misc{ATLAS-CONF-2013-083,
      collaboration = "ATLAS",
      title         = "Pile-up subtraction and suppression for jets in ATLAS",
      institution   = "CERN",
      address       = "Geneva",
      howpublished  = "\href{https://atlas.web.cern.ch/Atlas/GROUPS/PHYSICS/CONFNOTES/ATLAS-CONF-2013-083/}{ATLAS-CONF-2013-083}",
      year          = "2013",
}

@misc{ATLAS-CONF-2014-018,
      collaboration = "ATLAS",
      title         = "Tagging and suppression of pileup jets with the ATLAS detector",
      institution   = "CERN",
      address       = "Geneva",
      howpublished  = "\href{https://atlas.web.cern.ch/Atlas/GROUPS/PHYSICS/CONFNOTES/ATLAS-CONF-2014-018/}{ATLAS-CONF-2014-018}",
      year          = "2014",
}

@misc{ATLAS-CONF-2014-032,
      collaboration = "ATLAS",
      title         = "Electron efficiency measurements with the ATLAS detector using the 2012 LHC proton-proton collision data",
      institution   = "CERN",
      address       = "Geneva",
      howpublished  = "\href{https://atlas.web.cern.ch/Atlas/GROUPS/PHYSICS/CONFNOTES/ATLAS-CONF-2014-032/}{ATLAS-CONF-2014-032}",
      year          = "2014",
}

@misc{ATLAS-CONF-2012-123,
      collaboration = "ATLAS",
      title         = "Measurements of the photon identification efficiency with the ATLAS detector using 4.9 $\ifb$ of $pp$ collision data collected in 2011",
      institution   = "CERN",
      address       = "Geneva",
      howpublished  = "\href{https://atlas.web.cern.ch/Atlas/GROUPS/PHYSICS/CONFNOTES/ATLAS-CONF-2012-123/}{ATLAS-CONF-2012-123}",
      year          = "2012",
}

@article{PERF-2011-07,
         collaboration = "ATLAS",
         title          = "Performance of Missing Transverse Momentum Reconstruction in Proton-Proton Collisions at $\sqrt{s} = 7$ TeV with ATLAS",
         journal        = "Eur. Phys. J.",
         volume         = "C72",
         pages          = "1844",
         doi            = "10.1140/epjc/s10052-011-1844-6",
         year           = "2011",
         eprint         = "1108.5602",
         archivePrefix  = "arXiv",
         primaryClass   = "hep-ex",
         reportNumber   = "CERN-PH-EP-2011-114",
         note           = "\href{https://atlas.web.cern.ch/Atlas/GROUPS/PHYSICS/PAPERS/PERF-2011-07/}{PERF-2011-07}",
}

@misc{ATLAS-CONF-2014-019,
      collaboration = "ATLAS",
      title         = "Pile-up Suppression in Missing Transverse Momentum Reconstruction in the ATLAS Experiment in Proton-Proton Collisions at $\sqrt{s} = 8$ TeV",
      institution   = "CERN",
      address       = "Geneva",
      howpublished  = "\href{https://atlas.web.cern.ch/Atlas/GROUPS/PHYSICS/CONFNOTES/ATLAS-CONF-2014-019/}{ATLAS-CONF-2014-019}",
      year          = "2014",
}

@misc{ATLAS-CONF-2012-043,
      collaboration = "ATLAS",
      title         = "Measurement of the b-tag Efficiency in a Sample of Jets Containing Muons with 5 $\ifb$ of Data from the ATLAS Detector",
      institution   = "CERN",
      address       = "Geneva",
      howpublished  = "\href{https://atlas.web.cern.ch/Atlas/GROUPS/PHYSICS/CONFNOTES/ATLAS-CONF-2012-043/}{ATLAS-CONF-2012-043}",
      year          = "2012",
}

@misc{ATLAS-CONF-2014-046,
      collaboration = "ATLAS",
      title         = "Calibration of the performance of b-tagging for c and light-flavour jets in the 2012 ATLAS data",
      institution   = "CERN",
      address       = "Geneva",
      howpublished  = "\href{https://atlas.web.cern.ch/Atlas/GROUPS/PHYSICS/CONFNOTES/ATLAS-CONF-2014-046/}{ATLAS-CONF-2014-046}",
      year          = "2014",
}

@misc{ATLAS-CONF-2014-004,
      collaboration = "ATLAS",
      title         = "Calibration of b-tagging using dileptonic top pair events in a combinatorial likelihood approach with the ATLAS experiment",
      institution   = "CERN",
      address       = "Geneva",
      howpublished  = "\href{https://atlas.web.cern.ch/Atlas/GROUPS/PHYSICS/CONFNOTES/ATLAS-CONF-2014-004/}{ATLAS-CONF-2014-004}",
      year          = "2014",
}

@misc{ATLAS-CONF-2010-004,
      collaboration = "ATLAS",
      title         = "Performance of the ATLAS Secondary Vertex b-tagging Algorithm in 900 GeV Collision Data",
      institution   = "CERN",
      address       = "Geneva",
      howpublished  = "\href{https://atlas.web.cern.ch/Atlas/GROUPS/PHYSICS/CONFNOTES/ATLAS-CONF-2010-004/}{ATLAS-CONF-2010-004}",
      year          = "2010",
}

@misc{ATLAS-CONF-2014-047,
      collaboration = "ATLAS",
      title         = "Alignment of the ATLAS Inner Detector and its Performance in 2012",
      institution   = "CERN",
      address       = "Geneva",
      howpublished  = "\href{https://atlas.web.cern.ch/Atlas/GROUPS/PHYSICS/CONFNOTES/ATLAS-CONF-2014-047/}{ATLAS-CONF-2014-047}",
      year          = "2014",
}

@misc{ATLAS-CONF-2012-042,
      collaboration = "ATLAS",
      title         = "Performance of the ATLAS Inner Detector Track and Vertex Reconstruction in the High Pile-Up LHC Environment",
      institution   = "CERN",
      address       = "Geneva",
      howpublished  = "\href{https://atlas.web.cern.ch/Atlas/GROUPS/PHYSICS/CONFNOTES/ATLAS-CONF-2012-042/}{ATLAS-CONF-2012-042}",
      year          = "2012",
}

@misc{ATLAS-CONF-2010-069,
      collaboration = "ATLAS",
      title         = "Performance of primary vertex reconstruction in proton-proton collisions at $\sqrt{s} = 7$ TeV in the ATLAS experiment",
      institution   = "CERN",
      address       = "Geneva",
      howpublished  = "\href{https://atlas.web.cern.ch/Atlas/GROUPS/PHYSICS/CONFNOTES/ATLAS-CONF-2010-069/}{ATLAS-CONF-2010-069}",
      year          = "2010",
}

@misc{ATLAS-CONF-2011-128,
      collaboration = "ATLAS",
      title         = "Particle Identification Performance of the ATLAS Transition Radiation Tracker",
      institution   = "CERN",
      address       = "Geneva",
      howpublished  = "\href{https://atlas.web.cern.ch/Atlas/GROUPS/PHYSICS/CONFNOTES/ATLAS-CONF-2011-128/}{ATLAS-CONF-2011-128}",
      year          = "2011",
}

@misc{ATL-LARG-PUB-2008-002,
      collaboration = "ATLAS",
      title         = "Calorimeter Clustering Algorithms: Description and Performance",
      institution   = "CERN",
      address       = "Geneva",
      howpublished  = "\href{https://cds.cern.ch/record/1099735}{ATL-LARG-PUB-2008-002}",
      year          = "2008",
}

