#------------------------------------------------------------------------------
# used in thesis, reverse chronological from publication date


#------------------------------------------------------------------------------
# not yet used in thesis

@misc{ATLAS-CONF-2010-096,
    author        = "",
    collaboration = "{ATLAS}",
    title        = "Data-driven background estimation for the H -&amp;gt;
                    tau+tau- -&amp;gt; lh search at 7 TeV with the ATLAS
                    detector",
    institution  = "CERN",
    address      = "Geneva",
    howpublished = "\href{https://cds.cern.ch/record/1300495}{ATLAS-CONF-2010-096}",
    year         = "2010",
}
    month        = "Oct",

@misc{ATLAS-CONF-2011-132,
    author        = "",
    collaboration = "{ATLAS}",
    title        = "Search for neutral MSSM Higgs bosons decaying to tau+tau-
                    pairs in proton-proton collisions at sqrt(s) = 7 TeV with
                    the ATLAS detector",
    institution  = "CERN",
    address      = "Geneva",
    howpublished = "ATLAS-CONF-2011-132",
    year         = "2011",
}
    month        = "Sep",

@misc{ATLAS-CONF-2011-133,
    author        = "",
    collaboration = "{ATLAS}",
    title        = "Search for the Standard Model Higgs boson in the decay mode
                    H -&gt; tau+ tau- -&gt; ll + 4 neutrinos in Association with
                    jets in Proton-Proton Collisions at sqrt(s) =7 TeV with the
                    ATLAS detector",
    institution  = "CERN",
    address      = "Geneva",
    howpublished = "ATLAS-CONF-2011-133",
    year         = "2011",
}
    month        = "Sep",

@article{2011.ATLAS.MSSM-Htautau,
    author        = "",
    collaboration = "{ATLAS}",
    title          = "{Search for neutral MSSM Higgs bosons decaying to tau^+
                      tau^- pairs in proton-proton collisions at $\sqrt{s}=7$
                      TeV with the ATLAS detector}",
    journal        = "Phys.Lett.",
    volume         = "B705",
    pages          = "174-192",
    doi            = "10.1016/j.physletb.2011.10.001",
    year           = "2011",
    eprint         = "1107.5003",
    archivePrefix  = "arXiv",
    primaryClass   = "hep-ex",
    reportNumber   = "CERN-PH-EP-2011-104",
    SLACcitation   = "%%CITATION = ARXIV:1107.5003;%%",
}

@misc{ATLAS-CONF-2012-014,
    author        = "",
    collaboration = "{ATLAS}",
    title        = "Search for the Standard Model Higgs boson in the H-&amp;gt;
                    tau^+ tau^- decay mode with 4.7 fb^-1 of ATLAS data at 7
                    TeV",
    institution  = "CERN",
    address      = "Geneva",
    howpublished = "\href{https://cds.cern.ch/record/1429662}{ATLAS-CONF-2012-014}",
    year         = "2012",
}
    month        = "Mar",

@article{2011.ATLAS.Htautau,
    author        = "",
    collaboration = "{ATLAS}",
    title          = "{Search for the Standard Model Higgs boson in the $H$ to
                      $\tau^{+} \tau^{-}$ decay mode in $\sqrt{s}=7$ TeV $pp$
                      collisions with ATLAS}",
    journal        = "JHEP",
    volume         = "1209",
    pages          = "070",
    doi            = "10.1007/JHEP09(2012)070",
    year           = "2012",
    eprint         = "1206.5971",
    archivePrefix  = "arXiv",
    primaryClass   = "hep-ex",
    reportNumber   = "CERN-PH-EP-2012-140",
    SLACcitation   = "%%CITATION = ARXIV:1206.5971;%%",
}

@article{2011.ATLAS.Higgs-combined-search,
    author        = "",
    collaboration = "{ATLAS}",
    title          = "{Combined search for the Standard Model Higgs boson in
                      $pp$ collisions at $\sqrt{s} = 7$ TeV with the ATLAS
                      detector}",
    journal        = "Phys.Rev.",
    volume         = "D86",
    pages          = "032003",
    doi            = "10.1103/PhysRevD.86.032003",
    year           = "2012",
    eprint         = "1207.0319",
    archivePrefix  = "arXiv",
    primaryClass   = "hep-ex",
    reportNumber   = "CERN-PH-EP-2012-167",
    SLACcitation   = "%%CITATION = ARXIV:1207.0319;%%",
}

@article{2012.ATLAS.MSSM-Htautau,
    author        = "",
    collaboration = "{ATLAS}",
    title          = "{Search for the neutral Higgs bosons of the Minimal
                      Supersymmetric Standard Model in pp collisions at
                      sqrt(s)=7 TeV with the ATLAS detector}",
    year           = "2012",
    eprint         = "1211.6956",
    archivePrefix  = "arXiv",
    primaryClass   = "hep-ex",
    reportNumber   = "CERN-PH-EP-2012-323",
    SLACcitation   = "%%CITATION = ARXIV:1211.6956;%%",
}

@misc{ATLAS-CONF-2012-160,
    author        = "",
    collaboration = "{ATLAS}",
    title        = "Search for the Standard Model Higgs boson in H-&amp;gt; tau
                    tau decays in proton-proton collisions with the ATLAS
                    detector",
    institution  = "CERN",
    address      = "Geneva",
    howpublished = "\href{https://cds.cern.ch/record/1493624}{ATLAS-CONF-2012-160}",
    year         = "2012",
}
    month        = "Nov",



