#------------------------------------------------------------------------------
# used in thesis, reverse chronological from publication date


#------------------------------------------------------------------------------
# not yet used in thesis

@article{1918.Noether,
    author = {{Noether}, E.},
    title = "Invariante variationsprobleme", 
    journal = "{Nachr. d. K\"onig. Gesellsch. d. Wiss. zu G\"ottingen, Math-phys. Klasse}",
    eprint = {arXiv:physics/0503066},
    year = "1918",
    pages = {235-257},
    note = "{M. A. Tavel's English translation originally appeared in
        Transport Theory and Statistical Physics, 1 (3), 183--207 (1971).}",
}

@article{1934.Fermi.four-fermion-iteraction,
    author = {Fermi, E.},
    title = {Versuch einer theorie der $\beta$-strahlen. I},
    journal = {Zeitschrift f√ºr Physik A Hadrons and Nuclei},
    publisher = {Springer Berlin / Heidelberg},
    issn = {0939-7922},
    pages = {161-177},
    volume = "{88}",
    issue = {3},
    year = {1934}
}
    url = {http://dx.doi.org/10.1007/BF01351864},
    note = {10.1007/BF01351864},

@article{1939.Wigner.unitary-reps,
    author = {Wigner, E.},
    title = {On unitary representations of the inhomogeneous Lorentz group},
    journal = {Annals of Mathematics},
    volume = "{40}",
    series = {Second Series},
    pages = {pp. 149-204},
    year = {1939},
    publisher = {Annals of Mathematics},
}
    number = {1},
    url = {http://www.jstor.org/stable/1968551},

@article{1940.Pauli.spin_statistics,
    title = {The connection between spin and statistics},
    author = {Pauli, W.},
    journal = {Phys. Rev.},
    volume = "{58}",
    issue = {8},
    pages = {716--722},
    year = {1940},
    doi = {10.1103/PhysRev.58.716},
    publisher = {American Physical Society}
}
    url = {http://link.aps.org/doi/10.1103/PhysRev.58.716},
    month = {Oct},

@article{1948.Feynman.path-integral-QM,
    title = "{Space-time approach to non-relativistic quantum mechanics}",
    author = {Feynman, R. P.},
    journal = {Rev. Mod. Phys.},
    volume = "{20}",
    issue = {2},
    pages = {367--387},
    year = {1948},
    doi = {10.1103/RevModPhys.20.367},
    publisher = {American Physical Society}
}
    url = "{http://link.aps.org/doi/10.1103/RevModPhys.20.367}",
    month = {Apr},

@article{1949.Dirac.forms-of-relativistic-dynamics,
    title = {Forms of Relativistic Dynamics},
    author = {Dirac, P. A. M.},
    journal = {Rev. Mod. Phys.},
    volume = {21},
    issue = {3},
    pages = {392--399},
    year = {1949},
    month = {Jul},
    doi = {10.1103/RevModPhys.21.392},
    publisher = {American Physical Society}
}
    url = {http://link.aps.org/doi/10.1103/RevModPhys.21.392},

@article{1950.Feynman.QED,
    title = {Mathematical formulation of the quantum theory of electromagnetic interaction},
    author = {Feynman, R. P.},
    journal = {Phys. Rev.},
    volume = "{80}",
    issue = {3},
    pages = {440--457},
    year = {1950},
    doi = {10.1103/PhysRev.80.440},
    publisher = {American Physical Society}
}
    url = {http://link.aps.org/doi/10.1103/PhysRev.80.440},
    month = {Nov},

@article{1954.Yang-Mills,
    title = {Conservation of isotopic spin and isotopic gauge invariance},
    author = {Yang, C. N. and Mills, R. L.},
    journal = {Phys. Rev.},
    volume = "{96}",
    issue = {1},
    pages = {191--195},
    year = {1954},
    doi = {10.1103/PhysRev.96.191},
    publisher = {American Physical Society}
}
    url = {http://link.aps.org/doi/10.1103/PhysRev.96.191},
    month = {Oct},

@article{1956.Lee-Yang.Question-of-parity,
    author = {Lee, T. D. and Yang, C. N.},
    title = {Question of parity conservation in weak interactions},
    journal = {Phys. Rev.},
    volume = "{104}",
    issue = {1},
    pages = {254--258},
    year = {1956},
    doi = {10.1103/PhysRev.104.254},
    publisher = {American Physical Society}
}
    month = {Oct},
    url = {http://link.aps.org/doi/10.1103/PhysRev.104.254},

@article{1957.Wu.parity-violation,
    author = {Wu, C. S. and Ambler, E. and Hayward, R. W. and Hoppes, D. D. and Hudson, R. P.},
    title = {Experimental Test of Parity Conservation in Beta Decay},
    journal = {Phys. Rev.},
    volume = "{105}",
    issue = {4},
    pages = {1413--1415},
    year = {1957},
    doi = {10.1103/PhysRev.105.1413},
    publisher = {American Physical Society}
}
    month = {Feb},
    url = {http://link.aps.org/doi/10.1103/PhysRev.105.1413},

@article{1956.Cowan.discovery_of_nu_e,
    author = "{C. L. Cowan Jr, F. Reines, F. B. Harrison, H. W. Kruse, and A. D. McGuire}",
    title = "Detection of the free neutrino: a confirmation",
    journal = "Science",
    volume = "{124}",
    year = {1956},
    pages = {103-104},
    doi = {10.1126/science.124.3212.103},
}

@article{1957.Lederman.parity-violation,
    author = {Garwin, Richard L. and Lederman, Leon M. and Weinrich, Marcel},
    title = {Observations of the Failure of Conservation of Parity and Charge Conjugation in Meson Decays: the Magnetic Moment of the Free Muon},
    journal = {Phys. Rev.},
    volume = "{105}",
    issue = {4},
    pages = {1415--1417},
    year = {1957},
    doi = {10.1103/PhysRev.105.1415},
    publisher = {American Physical Society}
}
    month = {Feb},
    url = {http://link.aps.org/doi/10.1103/PhysRev.105.1415},

@article{1958.Fitch.kaons,
    title = {Measurement of the Total Absorption Coefficient of Long-Lived Neutral $K$ Particles},
    author = {Panofsky, W. K. H. and Fitch, V. L. and Motley, R. M. and Chesnut, W. G.},
    journal = {Phys. Rev.},
    volume = "{109}",
    issue = {4},
    pages = {1353--1357},
    year = {1958},
    month = {Feb},
    doi = {10.1103/PhysRev.109.1353},
    url = {http://link.aps.org/doi/10.1103/PhysRev.109.1353},
    publisher = {American Physical Society}
}

@article{1960.Nambu.Gauge-invariance-superconductivity,
    title = {Quasi-particles and gauge invariance in the theory of superconductivity},
    author = {Nambu, Yoichiro},
    journal = {Phys. Rev.},
    volume = "{117}",
    issue = {3},
    pages = {648--663},
    year = {1960},
    doi = {10.1103/PhysRev.117.648},
    publisher = {American Physical Society}
}
    month = {Feb},
    url = {http://link.aps.org/doi/10.1103/PhysRev.117.648},

@article{1960.Wigner.unreasonable-effectiveness-of-math,
    author = {Wigner, E.},
    title = {The unreasonable effectiveness of mathematics in the natural sciences},
    journal = {Communications on Pure and Applied Mathematics},
    volume = "{13}",
    pages = {1-14},
    year = {1960},
}

@article{1961.Goldstone,
    author = {Goldstone, J.},
    affiliation = {CERN Geneva},
    title = {Field theories with superconductor solutions},
    journal = {Il Nuovo Cimento (1955-1965)},
    publisher = {Italian Physical Society},
    issn = {1827-6121},
    pages = {154-164},
    volume = "{19}",
    issue = {1},
    note = {10.1007/BF02812722},
    year = {1961}
}
    url = {http://dx.doi.org/10.1007/BF02812722},

@article{1961.Glashow.Partial-symmetries,
    author         = "Glashow, S.L.",
    title          = "{Partial symmetries of weak interactions}",
    journal        = "Nucl.Phys.",
    volume         = "{22}",
    pages          = "579-588",
    doi            = "10.1016/0029-5582(61)90469-2",
    year           = "1961",
    SLACcitation   = "%%CITATION = NUPHA,22,579;%%",
}

@article{1962.Goldstone-Salam-Weinberg.Broken-Symmetries,
    author = {{Goldstone}, J. and {Salam}, A. and {Weinberg}, S.},
    title = "{Broken symmetries}",
    journal = {Physical Review},
    year = 1962,
    volume = "{127}",
    pages = {965-970},
    doi = {10.1103/PhysRev.127.965},
    adsurl = {http://adsabs.harvard.edu/abs/1962PhRv..127..965G},
    adsnote = {Provided by the SAO/NASA Astrophysics Data System}
}
    month = aug,

AGS
@article{1962.Lederman.discovery_of_2nd_neutrino_flavor,
    author = {Danby, G. and Gaillard, J-M. and Goulianos, K. and Lederman, L. M. and Mistry, N. and Schwartz, M. and Steinberger, J.},
    title = {Observation of high-energy neutrino reactions and the existence of two kinds of neutrinos},
    journal = {Phys. Rev. Lett.},
    volume = "{9}",
    pages = {36--44},
    year = {1962},
    doi = {10.1103/PhysRevLett.9.36},
    publisher = {American Physical Society}
}
    issue = {1},
    url = {http://link.aps.org/doi/10.1103/PhysRevLett.9.36},
    month = {Jul},

@article{1963.Cabibbo,
    author = {{Cabibbo}, N.},
    title = "{Unitary symmetry and leptonic decays}",
    journal = {Physical Review Letters},
    year = 1963,
    volume = "{10}",
    pages = {531-533},
    doi = {10.1103/PhysRevLett.10.531},
    adsurl = {http://adsabs.harvard.edu/abs/1963PhRvL..10..531C},
    adsnote = {Provided by the SAO/NASA Astrophysics Data System}
}
    month = jun,

@article{1964.Salam-Ward.EM-and-weak,
    author         = "Salam, Abdus and Ward, John Clive",
    title          = "{Electromagnetic and weak interactions}",
    journal        = "Phys.Lett.",
    volume         = "{13}",
    pages          = "168-171",
    doi            = "10.1016/0031-9163(64)90711-5",
    year           = "1964",
    SLACcitation   = "%%CITATION = PHLTA,13,168;%%",
}

@article{1964.Englert.symmetry_breaking,
    author = {Englert, F. and Brout, R.},
    title = {Broken symmetry and the mass of gauge vector mesons},
    journal = {Phys. Rev. Lett.},
    volume = "{13}",
    issue = {9},
    pages = {321--323},
    year = {1964},
    doi = {10.1103/PhysRevLett.13.321},
    publisher = {American Physical Society}
}
    month = {Aug},
    url = {http://link.aps.org/doi/10.1103/PhysRevLett.13.321},

@article{1964.Higgs.Broken_Symmetries_1,
    author = "P.W. Higgs",
    title = "Broken symmetries, massless particles and gauge fields",
    journal = "Physics Letters",
    volume = "{12}",
    pages = "132--133",
    year = "1964",
    note = "",
    issn = "0031-9163",
    doi = "10.1016/0031-9163(64)91136-9",
}
    number = "2",
    url = "http://www.sciencedirect.com/science/article/pii/0031916364911369",

@article{1964.Higgs.Broken_Symmetries_2,
    author = {Higgs, Peter W.},
    title = {Broken symmetries and the masses of gauge bosons},
    journal = {Phys. Rev. Lett.},
    volume = "{13}",
    issue = {16},
    pages = {508--509},
    year = {1964},
    doi = {10.1103/PhysRevLett.13.508},
    publisher = {American Physical Society}
}
    month = {Oct},
    url = {http://link.aps.org/doi/10.1103/PhysRevLett.13.508},


@article{1964.Guralnik-Hagen-Kibble.symmetry_breaking,
    author = {Guralnik, G. S. and Hagen, C. R. and Kibble, T. W. B.},
    title = {Global conservation laws and massless particles},
    journal = {Phys. Rev. Lett.},
    volume = "{13}",
    issue = {20},
    pages = {585--587},
    year = {1964},
    doi = {10.1103/PhysRevLett.13.585},
    publisher = {American Physical Society}
}
    month = {Nov},
    url = {http://link.aps.org/doi/10.1103/PhysRevLett.13.585},

@article{1964.Salam-Ward.gauge-theory,
    author = {Salam, Abdus and Ward, J. C.},
    title = {Gauge theory of elementary interactions},
    journal = {Phys. Rev.},
    volume = "{136}",
    issue = {3B},
    pages = {B763--B768},
    year = {1964},
    doi = {10.1103/PhysRev.136.B763},
    publisher = {American Physical Society}
}
    month = {Nov},
    url = {http://link.aps.org/doi/10.1103/PhysRev.136.B763},

@article{1964.Gell-Mann.quarks,
    author = "M. Gell-Mann",
    title = "A schematic model of baryons and mesons",
    journal = "Physics Letters",
    volume = "{8}",
    pages = "214-215",
    year = "1964",
    note = "",
    issn = "0031-9163",
    doi = "10.1016/S0031-9163(64)92001-3",
}
    number = "3",
    url = "http://www.sciencedirect.com/science/article/pii/S0031916364920013",

@article{1964.Barnes.discovery_of_omega,
    author = "{V. E. Barnes~$et~al.$}",
    title = {Observation of a hyperon with strangeness minus three},
    journal = {Phys. Rev. Lett.},
    volume = "{12}",
    pages = {204--206},
    year = {1964},
    doi = {10.1103/PhysRevLett.12.204},
    publisher = {American Physical Society}
}
    author = {Barnes, V. E. and Connolly, P. L. and Crennell, D. J. and Culwick, B. B. and Delaney, W. C. and Fowler, W. B. and Hagerty, P. E. and Hart, E. L. and Horwitz, N. and Hough, P. V. C. and Jensen, J. E. and Kopp, J. K. and Lai, K. W. and Leitner, J. and Lloyd, J. L. and London, G. W. and Morris, T. W. and Oren, Y. and Palmer, R. B. and Prodell, A. G. and Radoji\ifmmode \check{c}\else \v{c}\fi{}i\ifmmode \acute{c}\else \'{c}\fi{}, D. and Rahm, D. C. and Richardson, C. R. and Samios, N. P. and Sanford, J. R. and Shutt, R. P. and Smith, J. R. and Stonehill, D. L. and Strand, R. C. and Thorndike, A. M. and Webster, M. S. and Willis, W. J. and Yamamoto, S. S.},
    url = {http://link.aps.org/doi/10.1103/PhysRevLett.12.204},
    issue = {8},
    month = {Feb},

@article{1964.Fitch.CP-violation-in-kaons,
    title = {Evidence for the $2$\pi${}$ Decay of the $K_{2}^{0}$ Meson},
    author = {Christenson, J. H. and Cronin, J. W. and Fitch, V. L. and Turlay, R.},
    journal = {Phys. Rev. Lett.},
    volume = "{13}",
    issue = {4},
    pages = {138--140},
    year = {1964},
    doi = {10.1103/PhysRevLett.13.138},
    publisher = {American Physical Society}
}
    url = {http://link.aps.org/doi/10.1103/PhysRevLett.13.138},
    month = {Jul},

@article{1965.Han-Nambu.Propose-color,
    author = {Han, M. Y. and Nambu, Y.},
    title = {Three-triplet model with double $\mathrm{SU}(3)$ symmetry},
    journal = {Phys. Rev.},
    volume = "{139}",
    issue = {4B},
    pages = {B1006--B1010},
    year = {1965},
    doi = {10.1103/PhysRev.139.B1006},
    publisher = {American Physical Society},
}
    month = {Aug},
    url = {http://link.aps.org/doi/10.1103/PhysRev.139.B1006},

@article{1967.Coleman-Mandula,
    author = {{Coleman}, S. and {Mandula}, J.},
    title = "{All possible symmetries of the S-matrix}",
    journal = {Physical Review},
    year = 1967, 
    volume = "{159}",
    pages = {1251-1256},
    doi = {10.1103/PhysRev.159.1251},
}
    month = jul,            
    adsurl = {http://adsabs.harvard.edu/abs/1967PhRv..159.1251C},
    adsnote = {Provided by the SAO/NASA Astrophysics Data System}

@article{1967.Weinberg.A_model_of_leptons,
    title = {A model of leptons},
    author = {Weinberg, Steven},
    journal = {Phys. Rev. Lett.},
    volume = "{19}",
    issue = {21},
    pages = {1264--1266},
    year = {1967},
    doi = {10.1103/PhysRevLett.19.1264},
    publisher = {American Physical Society}
}
    month = {Nov},
    url = {http://link.aps.org/doi/10.1103/PhysRevLett.19.1264},

@article{1968.Salam.weak-and-EM,
    author         = "Salam, Abdus",
    title          = "{Weak and electromagnetic interactions}",
    journal        = "{Svartholm: Elementary Particle Theory, Proceedings Of The Nobel Symposium Held 1968 At Lerum, Sweden, Stockholm}",
    pages          = "367-377",
    year           = "1968",
}

@book{1967.Wigner.symmetries-reflections,
    author = {Wigner, E.},
    title = {Symmetries and reflections: scientific essays of Eugene P. Wigner},
    journal = {Communications on Pure and Applied Mathematics},
    year = {1967},
    publisher = {Indiana University Press},
}

@article{1969.Feynman.partons,
    title = {Very High-Energy Collisions of Hadrons},
    author = {Feynman, Richard P.},
    journal = {Phys. Rev. Lett.},
    volume = {23},
    issue = {24},
    pages = {1415--1417},
    year = {1969},
    doi = {10.1103/PhysRevLett.23.1415},
    publisher = {American Physical Society}
}
    month = {Dec},
    url = {http://link.aps.org/doi/10.1103/PhysRevLett.23.1415},

@article{1969.Bjorken-Paschos,
    title = {Inelastic electron-proton and $\gamma$-proton scattering
        and the structure of the nucleon},
    author = {Bjorken, J. D. and Paschos, E. A.},
    journal = {Phys. Rev.},
    volume = {185},
    issue = {5},
    pages = {1975--1982},
    year = {1969},
    doi = {10.1103/PhysRev.185.1975},
    publisher = {American Physical Society}
}
    month = {Sep},
    url = {http://link.aps.org/doi/10.1103/PhysRev.185.1975},

@article{1970.Glashow.charm-GIM,
    author = {Glashow, S. L. and Iliopoulos, J. and Maiani, L.},
    title = {Weak interactions with lepton-hadron symmetry},
    journal = {Phys. Rev. D},
    volume = "{2}",
    pages = {1285--1292},
    year = {1970},
    doi = {10.1103/PhysRevD.2.1285},
    publisher = {American Physical Society}
}
    url = {http://link.aps.org/doi/10.1103/PhysRevD.2.1285},
    issue = {7},
    month = {Oct},

@article{1970.Drell-Yan,
    title = {Massive lepton-pair production in hadron-hadron
        collisions at high energies},
    author = {Drell, Sidney D. and Yan, Tung-Mow},
    journal = {Phys. Rev. Lett.},
    volume = {25},
    issue = {5},
    pages = {316--320},
    year = {1970},
    doi = {10.1103/PhysRevLett.25.316},
    publisher = {American Physical Society}
}
    month = {Aug},
    url = {http://link.aps.org/doi/10.1103/PhysRevLett.25.316},

@article{1971.tHooft.renormalization-massless-Yang-Mills,
    author = "{G.~'t~Hooft}",
    title = "Renormalization of massless Yang-Mills fields",
    journal = "Nuclear Physics B",
    volume = "{33}",
    pages = "173--199",
    year = "1971",
    note = "",
    issn = "0550-3213",
    doi = "10.1016/0550-3213(71)90395-6",
}
    number = "1",
    url = "http://www.sciencedirect.com/science/article/pii/0550321371903956",

@article{1971.tHooft.renormalization-massive-Yang-Mills,
    author = "{G.~'t~Hooft}",
    title = "Renormalizable Lagrangians for massive Yang-Mills fields",
    journal = "Nuclear Physics B",
    volume = "{35}",
    pages = "167--188",
    year = "1971",
    note = "",
    issn = "0550-3213",
    doi = "10.1016/0550-3213(71)90139-8",
}
    number = "1",
    url = "http://www.sciencedirect.com/science/article/pii/0550321371901398",

@article{1972.tHooft.regularization_and_renormalization,
    author = "{G.~'t~Hooft and M. Veltman}",
    title = "Regularization and renormalization of gauge fields",
    journal = "Nuclear Physics B",
    volume = "{44}",
    pages = "189 - 213",
    year = "1972",
    note = "",
    issn = "0550-3213",
    doi = "10.1016/0550-3213(72)90279-9",
}
    number = "1",
    url = "http://www.sciencedirect.com/science/article/pii/0550321372902799",

one of the 3 DGLAP papers
@article{1972.Gribov-Lipatov,
      author         = "Gribov, V.N. and Lipatov, L.N.",
      title          = "{Deep inelastic $e$-$p$ scattering in perturbation theory}",
      journal        = "Sov.J.Nucl.Phys.",
      volume         = "{15}",
      pages          = "438-450",
      year           = "1972",
      reportNumber   = "IPTI-381-71",
      SLACcitation   = "%%CITATION = SJNCA,15,438;%%",
}

@article{1973.Kobayashi.CKM,
    author = {{Kobayashi}, M. and {Maskawa}, T.},
    title = "{CP-Violation in the renormalizable theory of weak interaction}",
    journal = {Progress of Theoretical Physics},
    year = 1973,
    volume = "{49}",
    pages = {652-657},
    doi = {10.1143/PTP.49.652},
    adsurl = {http://adsabs.harvard.edu/abs/1973PThPh..49..652K},
    adsnote = {Provided by the SAO/NASA Astrophysics Data System}
}
    month = feb,


@article{1973.Gross-Wilczek.Asymptotic_freedom_0,
    title = {Ultraviolet behavior of non-abelian gauge theories},
    author = {Gross, David J. and Wilczek, Frank},
    journal = {Phys. Rev. Lett.},
    volume = "{30}",
    issue = {26},
    pages = {1343--1346},
    year = {1973},
    doi = {10.1103/PhysRevLett.30.1343},
    publisher = {American Physical Society}
}
    url = {http://link.aps.org/doi/10.1103/PhysRevLett.30.1343},
    month = {Jun},

@article{1973.Politzer.perturbative-qcd,
    title = {Reliable perturbative results for strong interactions?},
    author = {Politzer, H. David},
    journal = {Phys. Rev. Lett.},
    volume = "{30}",
    issue = {26},
    pages = {1346--1349},
    year = {1973},
    doi = {10.1103/PhysRevLett.30.1346},
    publisher = {American Physical Society}
}
    month = {Jun},
    url = {http://link.aps.org/doi/10.1103/PhysRevLett.30.1346},

@article{1974.Wilson.confinement,
    title = {Confinement of quarks},
    author = {Wilson, Kenneth G.},
    journal = {Phys. Rev. D},
    volume = "{10}",
    issue = {8},
    pages = {2445--2459},
    year = {1974},
    doi = {10.1103/PhysRevD.10.2445},
    publisher = {American Physical Society}
}
    month = {Oct},
    url = {http://link.aps.org/doi/10.1103/PhysRevD.10.2445},

@article{1973.Gross-Wilczek.Asymptotic_freedom_1,
    title = {Asymptotically free gauge theories. I},
    author = {Gross, David J. and Wilczek, Frank},
    journal = {Phys. Rev. D},
    volume = "{8}",
    issue = {10},
    pages = {3633--3652},
    year = {1973},
    doi = {10.1103/PhysRevD.8.3633},
    publisher = {American Physical Society}
}
    month = {Nov},
    url = {http://link.aps.org/doi/10.1103/PhysRevD.8.3633},

@article{1974.Gross-Wilczek.Asymptotic_freedom_2,
    title = {Asymptotically free gauge theories. II},
    author = {Gross, David J. and Wilczek, Frank},
    journal = {Phys. Rev. D},
    volume = "{9}",
    issue = {4},
    pages = {980--993},
    year = {1974},
    doi = {10.1103/PhysRevD.9.980},
    publisher = {American Physical Society}
}
    month = {Feb},
    url = {http://link.aps.org/doi/10.1103/PhysRevD.9.980},

Gargamelle - discovery of weak neutral currents
@article{1973.Gargamelle.discovery_weak_neutral_currents_1,
    author = "{F. J. Hasert~$et~al.$}",
    title = "Observation of neutrino-like interactions without muon or electron in the Gargamelle neutrino experiment",
    journal = "Physics Letters B",
    volume = "{46}",
    pages = "138-140",
    year = "1973",
    issn = "0370-2693",
    doi = "10.1016/0370-2693(73)90499-1",
}
    url = "http://www.sciencedirect.com/science/article/pii/0370269373904991",
    number = "1",

Gargamelle - discovery of weak neutral currents
@article{1974.Gargamelle.discovery_weak_neutral_currents_2,
    author = "{F. J. Hasert~$et~al.$}",
    title = "Observation of neutrino-like interactions without muon or electron in the Gargamelle neutrino experiment",
    journal = "Nuclear Physics B",
    volume = "{73}",
    pages = "1 - 22",
    year = "1974",
    issn = "0550-3213",
    doi = "10.1016/0550-3213(74)90038-8",
}
    url = "http://www.sciencedirect.com/science/article/pii/0550321374900388",
    number = "1",
}

@article{1974.BNL.discovery_of_JPsi,
    author = "{J. Aubert~$et~al.$}",
    title = {Experimental observation of a heavy particle $J$},
    journal = {Phys. Rev. Lett.},
    volume = "{33}",
    issue = {23},
    pages = {1404--1406},
    year = {1974},
    doi = {10.1103/PhysRevLett.33.1404},
    publisher = {American Physical Society}
}
    author = {Aubert, J. J. and Becker, U. and Biggs, P. J. and Burger, J. and Chen, M. and Everhart, G. and Goldhagen, P. and Leong, J. and McCorriston, T. and Rhoades, T. G. and Rohde, M. and Ting, Samuel C. C. and Wu, Sau Lan and Lee, Y. Y.},
    url = {http://link.aps.org/doi/10.1103/PhysRevLett.33.1404},
    month = {Dec},

@article{1974.SLAC.discovery_of_JPsi,
    author = "{J. Augustin~$et~al.$}",
    title = {Discovery of a narrow resonance in ${e}^{+}{e}^{-}$ annihilation},
    journal = {Phys. Rev. Lett.},
    volume = "{33}",
    pages = {1406--1408},
    year = {1974},
    doi = {10.1103/PhysRevLett.33.1406},
    publisher = {American Physical Society}
}
    author = {Augustin, J. -E. and Boyarski, A. M. and Breidenbach, M. and Bulos, F. and Dakin, J. T. and Feldman, G. J. and Fischer, G. E. and Fryberger, D. and Hanson, G. and Jean-Marie, B. and Larsen, R. R. and L\"uth, V. and Lynch, H. L. and Lyon, D. and Morehouse, C. C. and Paterson, J. M. and Perl, M. L. and Richter, B. and Rapidis, P. and Schwitters, R. F. and Tanenbaum, W. M. and Vannucci, F. and Abrams, G. S. and Briggs, D. and Chinowsky, W. and Friedberg, C. E. and Goldhaber, G. and Hollebeek, R. J. and Kadyk, J. A. and Lulu, B. and Pierre, F. and Trilling, G. H. and Whitaker, J. S. and Wiss, J. and Zipse, J. E.},
    issue = {23},
    month = {Dec},
    url = {http://link.aps.org/doi/10.1103/PhysRevLett.33.1406},

@article{1975.Haag-Lopuszansi-Sohni,
    author = {{Haag}, R. and {Lopusza{\'n}ski}, J.~T. and {Sohnius}, M.},
    title = "{All possible generators of supersymmetries of the S-matrix}",
    journal = {Nuclear Physics B},
    year = 1975,
    volume = "{88}",
    pages = {257-274},
    doi = {10.1016/0550-3213(75)90279-5},
}
    month = mar,
    adsurl = {http://adsabs.harvard.edu/abs/1975NuPhB..88..257H},
    adsnote = {Provided by the SAO/NASA Astrophysics Data System}

@article{1975.Perl.discovery_of_tau_1,
    author = "{M. L. Perl~$et~al.$}",
    title = {Evidence for anomalous lepton production in ${e}^{+}{e}^{-}$ annihilation},
    journal = {Phys. Rev. Lett.},
    volume = "{35}",
    pages = {1489--1492},
    year = {1975},
    doi = {10.1103/PhysRevLett.35.1489},
    publisher = {American Physical Society}
}
    author = {Perl, M. L. and Abrams, G. S. and Boyarski, A. M. and Breidenbach, M. and Briggs, D. D. and Bulos, F. and Chinowsky, W. and Dakin, J. T. and Feldman, G. J. and Friedberg, C. E. and Fryberger, D. and Goldhaber, G. and Hanson, G. and Heile, F. B. and Jean-Marie, B. and Kadyk, J. A. and Larsen, R. R. and Litke, A. M. and L\"uke, D. and Lulu, B. A. and L\"uth, V. and Lyon, D. and Morehouse, C. C. and Paterson, J. M. and Pierre, F. M. and Pun, T. P. and Rapidis, P. A. and Richter, B. and Sadoulet, B. and Schwitters, R. F. and Tanenbaum, W. and Trilling, G. H. and Vannucci, F. and Whitaker, J. S. and Winkelmann, F. C. and Wiss, J. E.},
    url = {http://link.aps.org/doi/10.1103/PhysRevLett.35.1489},
    issue = {22},
    month = {Dec},

@article{1976.Perl.discovery_of_tau_2,
    author = "{M. L. Perl~$et~al.$}",
    title = "Properties of anomalous $e\mu$ events produced in $e^{+}e^{-}$ annihilation",
    journal = "Physics Letters B",
    volume = "{63}",
    pages = "466-470",
    year = "1976",
    issn = "0370-2693",
    doi = "10.1016/0370-2693(76)90399-3",
}
    author = "M.L. Perl and G.J. Feldman and G.S. Abrams and M.S. Alam and A.M. Boyarski and M. Breidenbach and F. Bulos and W. Chinowsky and J. Dorfan and C.E. Friedberg and G. Goldhaber and G. Hanson and F.B. Heile and J.A. Jaros and J.A. Kadyk and R.R. Larsen and A.M. Litke and D. L√É¬ºke and B.A. Lulu and V. L√É¬ºth and R.J. Madaras and C.C. Morehouse and H.K. Nguyen and J.M. Paterson and I. Peruzzi and M. Piccolo and F.M. Pierre and T.P. Pun and P. Rapidis and B. Richter and B. Sadoulet and R.F. Schwitters and W. Tanembaum and G.H. Trilling and F. Vannucci and J.S. Whitaker and J.E. Wiss"
    number = "4",
    url = "http://www.sciencedirect.com/science/article/pii/0370269376903993",

@article{1977.Perl.discovery_of_tau_3,
    author = "{M. L. Perl~$et~al.$}",
    title          = "{Properties of the proposed tau charged lepton}",
    journal        = "Physics Letters B",
    volume         = "{70}",
    pages          = "487",
    doi            = "10.1016/0370-2693(77)90421-X",
    year           = "1977",
    reportNumber   = "SLAC-PUB-1997, LBL-6731",
    SLACcitation   = "%%CITATION = PHLTA,B70,487;%%",
}
    author         = "Perl, Martin L. and Feldman, G.J. and Abrams, G.S. and
                      Alam, M.S. and Boyarski, A. and others",

E288 experiment at Fermilab, Leon Lederman et al.
@article{1977.Herb.discovery_of_b-quark,
    author = "{W. S. Herb~$et~al.$}",
    title = {Observation of a dimuon resonance at 9.5 GeV in 400 GeV proton-nucleus collisions},
    journal = {Phys. Rev. Lett.},
    volume = "{39}",
    issue = {5},
    pages = {252--255},
    year = {1977},
    doi = {10.1103/PhysRevLett.39.252},
    publisher = {American Physical Society}
}
    month = {Aug},
    url = {http://link.aps.org/doi/10.1103/PhysRevLett.39.252},
    author = {Herb, S. W. and Hom, D. C. and Lederman, L. M. and Sens, J. C. and Snyder, H. D. and Yoh, J. K. and Appel, J. A. and Brown, B. C. and Brown, C. N. and Innes, W. R. and Ueno, K. and Yamanouchi, T. and Ito, A. S. and J\"ostlein, H. and Kaplan, D. M. and Kephart, R. D.},

one of the 3 DGLAP papers
@article{1977.Altarelli-Parisi,
      author         = "Altarelli, Guido and Parisi, G.",
      title          = "{Asymptotic freedom in parton language}",
      journal        = "Nucl.Phys.B",
      volume         = "{126}",
      pages          = "298",
      doi            = "10.1016/0550-3213(77)90384-4",
      year           = "1977",
      reportNumber   = "LPTENS-77-6",
      SLACcitation   = "%%CITATION = NUPHA,B126,298;%%",
}

one of the 3 DGLAP papers
@article{1977.Dokshitzer:1977,
      author         = "Dokshitzer, Yuri L.",
      title          = "{Calculation of the structure functions for deep
                        inelastic scattering and $e^{+}e^{-}$ annihilation by
                        perturbation theory in quantum chromodynamics.}",
      journal        = "Sov.Phys.JETP",
      volume         = "{46}",
      pages          = "641-653",
      year           = "1977",
      SLACcitation   = "%%CITATION = SPHJA,46,641;%%",
}

@article{1977.Sterman-Weinberg.Jets-from-QCD,
    title = {Jets from quantum chromodynamics},
    author = {Sterman, George and Weinberg, Steven},
    journal = {Phys. Rev. Lett.},
    volume = "{39}",
    issue = {23},
    pages = {1436--1439},
    year = {1977},
    doi = {10.1103/PhysRevLett.39.1436},
    publisher = {American Physical Society}
}
    month = {Dec},
    url = {http://link.aps.org/doi/10.1103/PhysRevLett.39.1436},

BFKL PDF evolution equations
@article{1977.Kuraev.BFKL-equations,
    author         = "Kuraev, E.A. and Lipatov, L.N. and Fadin, Victor S.",
    title          = "{The Pomeranchuk singularity in nonabelian gauge theories}",
    journal        = "Sov.Phys.JETP",
    volume         = "{45}",
    pages          = "199-204",
    year           = "1977",
    SLACcitation   = "%%CITATION = SPHJA,45,199;%%",
}

BFKL PDF evolution equations
@article{1978.Balitsky.BFKL-equations,
    author         = "Balitsky, I.I. and Lipatov, L.N.",
    title          = "{The Pomeranchuk singularity in quantum chromodynamics}",
    journal        = "Sov.J.Nucl.Phys.",
    volume         = "{28}",
    pages          = "822-829",
    year           = "1978",
    SLACcitation   = "%%CITATION = SJNCA,28,822;%%",
}

@article{1979.Wu-Zobernig.three-jet-analysis,
    author         = "Wu, Sau Lan and Zobernig, Georg",
    title          = "{A method of three jet analysis in $e^{+}e^{-}$ annihilation}",
    journal        = "Z.Phys.",
    volume         = "{C2}",
    pages          = "107",
    doi            = "10.1007/BF01474124",
    year           = "1979",
    reportNumber   = "DESY 79/23",
    SLACcitation   = "%%CITATION = ZEPYA,C2,107;%%",
}

@article{1979.TASSO.three-jet-events,
    author         = "",
    collaboration  = "{TASSO}",
    title          = "{Evidence for planar events in $e^{+}e^{-}$ annihilation at high-energies}",
    journal = "Physics Letters B",
    volume         = "{86}",
    pages          = "243",
    doi            = "10.1016/0370-2693(79)90830-X",
    year           = "1979",
    reportNumber   = "DESY 79/53",
    SLACcitation   = "%%CITATION = PHLTA,B86,243;%%",
}

[13] UA2 Collaboration. Phys. Lett. B 118 (1982) 203.
@article{1982.UA2.high-pt-jets,
    author         = "",
    collaboration  = "{UA2}",
    title = "Observation of very large transverse momentum jets at the CERN pp collider",
    journal = "Physics Letters B",
    volume = "{118}",
    pages = "203-210",
    year = "1982",
    issn = "0370-2693",
    doi = "10.1016/0370-2693(82)90629-3",
}
    url = "http://www.sciencedirect.com/science/article/pii/0370269382906293",

[15] UA1 Collaboration. Phys. Lett. B 122 (1983) 103.
@article{1983.UA1.Discovery-of-W,
    author         = "",
    collaboration  = "{UA1}",
    title          = "{Experimental observation of isolated large transverse
                      energy electrons with associated missing energy at
                      $\sqrt{s}$ = 540 GeV}",
    journal        = "Physics Letters B",
    volume         = "{122}",
    pages          = "103-116",
    doi            = "10.1016/0370-2693(83)91177-2",
    year           = "1983",
    reportNumber   = "CERN-EP-83-13",
    SLACcitation   = "%%CITATION = PHLTA,B122,103;%%",
}

[16] UA2 Collaboration. Phys. Lett. B 122 (1983) 476.
@article{1983.UA2.Discovery-of-W,
    author         = "",
    collaboration  = "{UA2}",
    title = "Observation of single isolated electrons of high transverse
        momentum in events with missing transverse energy at the CERN pp collider",
    journal = "Physics Letters B",
    volume = "{122}",
    pages = "476-485",
    year = "1983",
    issn = "0370-2693",
    doi = "10.1016/0370-2693(83)91605-2",
}
    url = "http://www.sciencedirect.com/science/article/pii/0370269383916052",

[14] UA1 Collaboration. Phys. Lett. B 123 (1983) 115.
@article{1983.UA1-high-pt-jets,
    author          = "",
    collaboration   = "{UA1}",
    title = "Observation of jets in high transverse energy events at the CERN proton antiproton collider",
    journal = "Physics Letters B",
    volume = "{123}",
    pages = "115-122",
    year = "1983",
    issn = "0370-2693",
    doi = "10.1016/0370-2693(83)90970-X",
}
    url = "http://www.sciencedirect.com/science/article/pii/037026938390970X",

@article{1983.UA1.Discovery-of-Z,
    author          = "",
    collaboration   = "{UA1}",
    title = "Experimental observation of lepton pairs of invariant mass around 95
        GeV/$c^{2}$ at the CERN SPS collider",
    journal = "Physics Letters B",
    volume = "{126}",
    pages = "398-410",
    year = "1983",
    note = "",
    issn = "0370-2693",
    doi = "10.1016/0370-2693(83)90188-0",
}

@article{1983.UA2.Discovery-of-Z,
    author          = "",
    collaboration   = "{UA2}",
    title = "Evidence for $Z^{0}\rightarrow e^{+}e^{-}$ at the CERN $pp$ collider",
    journal = "Physics Letters B",
    volume = "{129}",
    pages = "130-140",
    year = "1983",
    issn = "0370-2693",
    doi = "10.1016/0370-2693(83)90744-X",
}
    url = "http://www.sciencedirect.com/science/article/pii/037026938390744X",

[17] UA1 Collaboration. Phys. Lett. B 129 (1983) 273;
@article{1983.UA1.Further-evidence-of-W,
    author          = "",
    collaboration   = "{UA1}",
    title = "Further evidence for charged intermediate vector bosons at the SPS collider",
    journal = "Physics Letters B",
    volume = "{129}",
    pages = "273-282",
    year = "1983",
    issn = "0370-2693",
    doi = "10.1016/0370-2693(83)90860-2",
}
    url = "http://www.sciencedirect.com/science/article/pii/0370269383908602",

[18] UA1 Collaboration. Phys. Lett. B 134 (1984) 469.
@article{1984.UA1.Observation-of-Wmunu,
    author          = "",
    collaboration   = "{UA1}",
    title = "Observation of the muonic decay of the charged intermediate vector boson",
    journal = "Physics Letters B",
    volume = "{134}",
    pages = "469-476",
    year = "1984",
    issn = "0370-2693",
    doi = "10.1016/0370-2693(84)91387-X",
}
    url = "http://www.sciencedirect.com/science/article/pii/037026938491387X",

@article{1985.Collins.factorization-theorem,
    author = "John C. Collins and Davison E. Soper and George Sterman",
    title = "Factorization for short distance hadron-hadron scattering",
    journal = "Nuclear Physics B",
    volume = "{261}",
    pages = "104 - 142",
    year = "1985",
    note = "",
    issn = "0550-3213",
    doi = "10.1016/0550-3213(85)90565-6",
}
    number = "0",
    url = "http://www.sciencedirect.com/science/article/pii/0550321385905656",

@article{1990.ALEPH.3-neutrino-families,
    author          = "",
    collaboration   = "{ALEPH}",
    title = "A precise determination of the number of families with light neutrinos and of the $Z$ boson partial widths",
    journal = "Physics Letters B",
    volume = "{235}",
    pages = "399-411",
    year = "1990",
    note = "",
    issn = "0370-2693",
    doi = "10.1016/0370-2693(90)91984-J",
}
    url = "http://www.sciencedirect.com/science/article/pii/037026939091984J",

@article{1991.Amaldi.LEP_unification_of_couplings,
   author = {{Amaldi}, U. and {de Boer}, W. and {F{\"u}rstenau}, H.},
    title = "{Comparison of grand unified theories with electroweak
              and strong coupling constants measured at LEP}",
  journal = {Physics Letters B},
     year = "1991",
   volume = "{260}",
    pages = {447-455},
      doi = {10.1016/0370-2693(91)91641-8},
   adsurl = {http://adsabs.harvard.edu/abs/1991PhLB..260..447A},
  adsnote = {Provided by the SAO/NASA Astrophysics Data System}
}
    month = may,

@article{1995.CDF.top-discovery,
    author          = "",
    collaboration = "{CDF}",
    title = {Observation of top quark production in $\overline{\mathit{p}}\mathit{p}$ collisions with the collider detector at fermilab},
    journal = {Phys. Rev. Lett.},
    volume = "{74}",
    issue = {14},
    pages = {2626--2631},
    year = {1995},
    doi = {10.1103/PhysRevLett.74.2626},
    publisher = {American Physical Society}
}
    url = {http://link.aps.org/doi/10.1103/PhysRevLett.74.2626},
    month = {Apr},

@article{1995.DZero.top-discovery,
    author          = "",
    collaboration = "{D\O{}}",
    title = {Observation of the top quark},
    journal = {Phys. Rev. Lett.},
    volume = "{74}",
    issue = {14},
    pages = {2632--2637},
    year = {1995},
    doi = {10.1103/PhysRevLett.74.2632},
    publisher = {American Physical Society}
}
    month = {Apr},
    url = {http://link.aps.org/doi/10.1103/PhysRevLett.74.2632},

@article{1995.LSND.evidence-for-anti-muon-to-electron-neutrino-oscil,
    author = "",
    collaboration  = "LSND",
    title          = "{Candidate events in a search for $\bar{\nu}_{\mu}$
                      to $\bar{\nu}_{e}$ oscillations}",
    journal        = "Phys.Rev.Lett.",
    volume         = "{75}",
    pages          = "2650-2653",
    doi            = "10.1103/PhysRevLett.75.2650",
    year           = "1995",
    eprint         = "nucl-ex/9504002",
    archivePrefix  = "arXiv",
    primaryClass   = "nucl-ex",
    reportNumber   = "LA-UR-95-1238",
    SLACcitation   = "%%CITATION = NUCL-EX/9504002;%%",
}

@article{1997.LSND.evidence-for-muon-to-electron-neutrino-oscil,
    author = "",
    collaboration  = "LSND",
    title          = "{Evidence for $\nu_\mu$ to $\nu_e$ neutrino oscillations
                      from LSND}",
    journal        = "Phys.Rev.Lett.",
    volume         = "{81}",
    pages          = "1774-1777",
    doi            = "10.1103/PhysRevLett.81.1774",
    year           = "1998",
    eprint         = "nucl-ex/9709006",
    archivePrefix  = "arXiv",
    primaryClass   = "nucl-ex",
    reportNumber   = "UCRHEP-E-197",
    SLACcitation   = "%%CITATION = NUCL-EX/9709006;%%",
}

@article{1998.Super-K.atmospheric-neutrino-oscil,
    author          = "",
    collaboration = "{Super-Kamiokande}",
    title = {Evidence for oscillation of atmospheric neutrinos},
    journal = {Phys. Rev. Lett.},
    volume = "{81}",
    issue = {8},
    pages = {1562--1567},
    year = {1998},
    doi = {10.1103/PhysRevLett.81.1562},
    publisher = {American Physical Society}
}
    url = {http://link.aps.org/doi/10.1103/PhysRevLett.81.1562},
    month = {Aug},

direct CP violation
@article{1999.NA48.Direct-CP-violation-in-neutral-kaon,
    author          = "",
    collaboration   = "{NA48}",
    title = "A new measurement of direct CP violation in two pion decays of the neutral kaon",
    journal = "Physics Letters B",
    volume = "{465}",
    pages = "335-348",
    year = "1999",
    issn = "0370-2693",
    doi = "10.1016/S0370-2693(99)01030-8",
}
    url = "http://www.sciencedirect.com/science/article/pii/S0370269399010308",

@article{1999.Randall-Sundrum.extra-dimensions,
    author         = "Randall, Lisa and Sundrum, Raman",
    title          = "{A large mass hierarchy from a small extra dimension}",
    journal        = "Phys.Rev.Lett.",
    volume         = "{83}",
    pages          = "3370-3373",
    doi            = "10.1103/PhysRevLett.83.3370",
    year           = "1999",
    eprint         = "hep-ph/9905221",
    archivePrefix  = "arXiv",
    primaryClass   = "hep-ph",
    reportNumber   = "MIT-CTP-2860, PUPT-1860, BUHEP-99-9",
    SLACcitation   = "%%CITATION = HEP-PH/9905221;%%",
}

DONUT experiment at Fermilab
@article{2001.Kodama.discovery_of_tau_neutrino,
    author = "{K. Kodama~$et~al.$}",
    title = "Observation of tau neutrino interactions",
    journal = "Physics Letters B",
    volume = "{504}",
    pages = "218 - 224",
    year = "2001",
    issn = "0370-2693",
    doi = "10.1016/S0370-2693(01)00307-0",
}
    number = "3",
    url = "http://www.sciencedirect.com/science/article/pii/S0370269301003070",

Livingston Plot
@misc{2001.Snowmass-accelerator-report,
      author         = "{A. Chao~$et~al.$}",
      title          = "{2001 Snowmass accelerator R\&D report}",
      howpublished   = "\href{http://www.slac.stanford.edu/pubs/slacpubs/9000/slac-pub-9483.html}{SLAC-PUB-9483}",
      year           = "2001",
}
      author         = "Chao, Alexander and Davidson, Ronald and Dragt,
                        Alexander and Dugan, Gerald and Holtkamp, Norbert and
                        others",
      reportNumber   = "SLAC-PUB-9483, FERMILAB-CONF-01-422,
                        SNOWMASS-2001-MT1001",
      SLACcitation   = "%%CITATION = ECONF,C010630,MT1001;%%",

@article{2001.LSND.evidence-for-neutrino-oscillations,
    author = "",
    collaboration  = "LSND",
    title          = "{Evidence for neutrino oscillations from the observation
                      of $\bar{\nu}_{e}$ appearance in a
                      $\bar{\nu}_{\mu}$ beam}",
    journal        = "Phys.Rev.D",
    volume         = "{64}",
    pages          = "112007",
    doi            = "10.1103/PhysRevD.64.112007",
    year           = "2001",
    eprint         = "hep-ex/0104049",
    archivePrefix  = "arXiv",
    primaryClass   = "hep-ex",
    SLACcitation   = "%%CITATION = HEP-EX/0104049;%%",
}
    author         = "Aguilar-Arevalo, A. and others",

@article{2001.SNO.measurement-of-solar-neutrino-rate,
    author          = "",
    collaboration = "{SNO}",
    title = {Measurement of the rate of $\nu_e+d \rightarrow p+p+e^{-}$ interactions
        produced by $^{8}B$ solar neutrinos at the Sudbury Neutrino Observatory},
    journal = {Phys. Rev. Lett.},
    volume = "{87}",
    issue = {7},
    pages = {071301},
    numpages = {6},
    year = {2001},
    doi = {10.1103/PhysRevLett.87.071301},
    publisher = {American Physical Society}
}
    url = {http://link.aps.org/doi/10.1103/PhysRevLett.87.071301},
    month = {Jul},

@article{2002.SNO.evidence-for-neutrino-oscillations,
    author          = "",
    collaboration = "{SNO}",
    title          = "{Direct evidence for neutrino flavor transformation from
                      neutral current interactions in the Sudbury Neutrino
                      Observatory}",
    journal        = "Phys.Rev.Lett.",
    volume         = "{89}",
    pages          = "011301",
    doi            = "10.1103/PhysRevLett.89.011301",
    year           = "2002",
    eprint         = "nucl-ex/0204008",
    archivePrefix  = "arXiv",
    primaryClass   = "nucl-ex",
    SLACcitation   = "%%CITATION = NUCL-EX/0204008;%%",
}

@article{2004.Super-K.atmospheric-neutrino-oscil,
    author          = "",
    collaboration = "{Super-Kamiokande}",
    title          = "{Evidence for an oscillatory signature in atmospheric
                      neutrino oscillation}",
    journal        = "Phys.Rev.Lett.",
    volume         = "{93}",
    pages          = "101801",
    doi            = "10.1103/PhysRevLett.93.101801",
    year           = "2004",
    eprint         = "hep-ex/0404034",
    archivePrefix  = "arXiv",
    primaryClass   = "hep-ex",
    SLACcitation   = "%%CITATION = HEP-EX/0404034;%%",
}

@article{2005.KamLAND.reactor-neutrino-oscil,
    author         = "",
    collaboration  = "KamLAND",
    title          = "{Measurement of neutrino oscillation with KamLAND:
        Evidence of spectral distortion}",
    journal        = "Phys.Rev.Lett.",
    volume         = "{94}",
    pages          = "081801",
    doi            = "10.1103/PhysRevLett.94.081801",
    year           = "2005",
    eprint         = "hep-ex/0406035",
    archivePrefix  = "arXiv",
    primaryClass   = "hep-ex",
    SLACcitation   = "%%CITATION = HEP-EX/0406035;%%",
}


@article{2011.CKMFitter,
    author         = "{CKMFitter Group}",
    title          = "{Predictions of selected flavour observables within the
                      Standard Model}",
    journal        = "Phys.Rev.D",
    volume         = "{84}",
    pages          = "033005",
    doi            = "10.1103/PhysRevD.84.033005",
    year           = "2011",
    eprint         = "1106.4041",
    archivePrefix  = "arXiv",
    primaryClass   = "hep-ph",
    reportNumber   = "LPT-ORSAY-11-53",
    SLACcitation   = "%%CITATION = ARXIV:1106.4041;%%",
}
      author         = "Charles, J. and Deschamps, O. and Descotes-Genon, S. and
                        Itoh, R. and Lacker, H. and others",

J. Beringer et al. (Particle Data Group), Phys. Rev. D86, 010001 (2012)
@article{2012.PDG,
    author = "{J. Beringer~$et~al.$ (Particle Data Group)}",
    title   = "The Review of Particle Physics",
    journal        = "Phys.Rev.D",
    volume         = "{86}",
    pages          = "010001",
    year           = "2012",
}

T2K theta13
@article{2011.T2K.Indication-of-theta13,
    author = "",
    collaboration = "{T2K}",
    title = {Indication of electron neutrino appearance from an
        accelerator-produced off-axis muon neutrino beam},
    journal = {Phys. Rev. Lett.},
    volume = "{107}",
    issue = {4},
    pages = {041801},
    numpages = {8},
    year = {2011},
    doi = {10.1103/PhysRevLett.107.041801},
    publisher = {American Physical Society}
}
    month = {Jul},
    url = {http://link.aps.org/doi/10.1103/PhysRevLett.107.041801},

Daya Bay theta13
@article{2012.DayaBay.Observation-of-theta13,
    author = "{F. P. An~$et~al.$ (Daya Bay Reactor Neutrino Experiment)}",
    title = {Observation of electron-antineutrino disappearance at Daya Bay},
    journal = {Phys. Rev. Lett.},
    volume = "{108}",
    issue = {17},
    pages = {171803},
    numpages = {7},
    year = {2012},
    doi = {10.1103/PhysRevLett.108.171803},
    publisher = {American Physical Society}
}
    month = {Apr},
    url = {http://link.aps.org/doi/10.1103/PhysRevLett.108.171803},

