#------------------------------------------------------------------------------
# used in thesis, reverse chronological from publication date


#------------------------------------------------------------------------------
# not yet used in thesis

