#------------------------------------------------------------------------------
# used in thesis, reverse chronological from publication date

ROOT
@misc{ROOT,
    title = "{ROOT}",
    howpublished = "\href{http://root.cern.ch}{http://root.cern.ch}",
    year = "2013",
}

@article{2007.TMVA,
   author = {{Hoecker}, A. and {Speckmayer}, P. and {Stelzer}, J. and {Therhaag}, J. and 
        {von Toerne}, E. and {Voss}, H. and {Backes}, M. and {Carli}, T. and 
        {Cohen}, O. and {Christov}, A. and {Dannheim}, D. and {Danielowski}, K. and 
        {Henrot-Versille}, S. and {Jachowski}, M. and {Kraszewski}, K. and 
        {Krasznahorkay}, Jr., A. and {Kruk}, M. and {Mahalalel}, Y. and 
        {Ospanov}, R. and {Prudent}, X. and {Robert}, A. and {Schouten}, D. and 
        {Tegenfeldt}, F. and {Voigt}, A. and {Voss}, K. and {Wolter}, M. and 
        {Zemla}, A.},
    title = "{TMVA - Toolkit for Multivariate Data Analysis}",
   eprint = {arXiv:physics/0703039},
     year = 2007,
   adsurl = {http://adsabs.harvard.edu/abs/2007physics...3039H},
  adsnote = {Provided by the SAO/NASA Astrophysics Data System}
}
 keywords = {Physics - Data Analysis, Statistics and Probability},
  journal = {ArXiv Physics e-prints},

LHC
@article{2008.LHC,
    author       = "Evans, Lyndon R and Bryant, Philip",
    title        = "{LHC Machine}",
    journal      = "JINST",
    volume       = "{3}",
    year         = "2008",
    pages        = "S08001",
}
    note         = "This report is an abridged version of the LHC Design Report (CERN-2004-003)",


#------------------------------------------------------------------------------
# not yet used in thesis

CMS detector paper
@article{2008.CMS-detector,
    author         = "",
    collaboration  = "{CMS}",
    title="{The CMS experiment at the CERN LHC}",
    journal      = "JINST",
    volume="{3}",
    number={08},
    pages={S08004},
    year={2008},
}
    url={http://stacks.iop.org/1748-0221/3/i=08/a=S08004},


CMS detector paper
@article{2008.CMS.detector-paper,
    author         = "",
    collaboration  = "{CMS}",
    title={The CMS experiment at the CERN LHC},
    journal={Journal of Instrumentation},
    volume="{3}",
    number={08},
    pages={S08004},
    year={2008},
}
    url={http://stacks.iop.org/1748-0221/3/i=08/a=S08004},

Minuit
@article{minuit,
     author    = "James, F. and Roos, M.",
     title     = "{Minuit: A System for Function Minimization and Analysis of
                  the Parameter Errors and Correlations}",
     journal   = "Comput. Phys. Commun.",
     volume    = "10",
     year      = "1975",
     pages     = "343-367",
     doi       = "10.1016/0010-4655(75)90039-9",
     SLACcitation  = "%%CITATION = CPHCB,10,343;%%"
}

