#------------------------------------------------------------------------------
# used in thesis, reverse chronological from publication date


#------------------------------------------------------------------------------
# not yet used in thesis

@article{1997.Spira.QCD-effects-on-Higgs,
    author         = "Spira, Michael",
    title          = "{QCD effects in Higgs physics}",
    journal        = "Fortsch.Phys.",
    volume         = "{46}",
    pages          = "203-284",
    year           = "1998",
    eprint         = "hep-ph/9705337",
    archivePrefix  = "arXiv",
    primaryClass   = "hep-ph",
    reportNumber   = "CERN-TH-97-068, CERN-TH-97-68",
    SLACcitation   = "%%CITATION = HEP-PH/9705337;%%",
}


