#------------------------------------------------------------------------------
# used in thesis, reverse chronological from publication date

@article{2003.LEP.Higgs_search,
    author  = "{LEP Working Group for Higgs Boson Searches, ALEPH
        Collaboration, DELPHI Collaboration, L3 Collaboration,
        OPAL Collaboration}",
    title          = "{Search for the standard model Higgs boson at LEP}",
    journal        = "Phys.Lett.B",
    volume         = "{565}",
    pages          = "61-75",
    doi            = "10.1016/S0370-2693(03)00614-2",
    year           = "2003",
    eprint         = "hep-ex/0306033",
    archivePrefix  = "arXiv",
    primaryClass   = "hep-ex",
    reportNumber   = "CERN-EP-2003-011",
    SLACcitation   = "%%CITATION = HEP-EX/0306033;%%",
}


#------------------------------------------------------------------------------
# not yet used in thesis


@article{2011.Berge.CP-numbers-for-Higgs-from-taus,
    title = {How to pin down the CP quantum numbers of a Higgs boson in its $\tau$ decays at the LHC},
    author = {Berge, S. and Bernreuther, W. and Niepelt, B. and Spiesberger, H.},
    journal = {Phys. Rev. D},
    volume = "{84}",
    issue = {11},
    pages = {116003},
    numpages = {14},
    year = {2011},
    doi = {10.1103/PhysRevD.84.116003},
    publisher = {American Physical Society}
}
    month = {Dec},
    url = {http://link.aps.org/doi/10.1103/PhysRevD.84.116003},
