#------------------------------------------------------------------------------
# used in thesis, reverse chronological from publication date

@article{2011.Gallicchio-Schwartz.Quark-Gluons-samples-LHC,
    author         = "Gallicchio, Jason and Schwartz, Matthew D.",
    title          = "{Pure samples of quark and gluon jets at the LHC}",
    journal        = "JHEP",
    volume         = "1110",
    pages          = "103",
    doi            = "10.1007/JHEP10(2011)103",
    year           = "2011",
    eprint         = "1104.1175",
    archivePrefix  = "arXiv",
    primaryClass   = "hep-ph",
    SLACcitation   = "%%CITATION = ARXIV:1104.1175;%%",
}

@article{2011.Gallicchio-Schwartz.Quark-Gluons-tagging-LHC,
    author         = "Gallicchio, Jason and Schwartz, Matthew D.",
    title          = "{Quark and gluon tagging at the LHC}",
    journal        = "Phys.Rev.Lett.",
    volume         = "107",
    pages          = "172001",
    doi            = "10.1103/PhysRevLett.107.172001",
    year           = "2011",
    eprint         = "1106.3076",
    archivePrefix  = "arXiv",
    primaryClass   = "hep-ph",
    SLACcitation   = "%%CITATION = ARXIV:1106.3076;%%",
}

anti-kt
@article{2008.anti-kt,
    author    = "Cacciari, Matteo and Salam, Gavin P. and Soyez, Gregory",
    title     = "{The anti-$k_{t}$ jet clustering algorithm}",
    journal   = "JHEP",
    volume    = "04",
    year      = "2008",
    pages     = "063",
    eprint    = "0802.1189",
    archivePrefix = "arXiv",
    primaryClass  =  "hep-ph",
    doi       = "10.1088/1126-6708/2008/04/063",
    SLACcitation  = "%%CITATION = 0802.1189;%%"
}

fastjet
@article{2006.Salam.Dispelling-N3-myth-anti-kt,
     author    = "Cacciari, Matteo and Salam, Gavin P.",
     title     = "{Dispelling the $N^{3}$ myth for the $k_t$ jet-finder}",
     journal   = "Phys. Lett.",
     volume    = "B641",
     year      = "2006",
     pages     = "57-61",
     eprint    = "0512210",
     archivePrefix = "arXiv",
     primaryClass  =  "hep-ph",
     doi       = "10.1016/j.physletb.2006.08.037",
     SLACcitation  = "%%CITATION = HEP-PH/0512210;%%"
}

#------------------------------------------------------------------------------
# not yet used in thesis

