@misc{cern-faq,
      author        = "Christiane Lefevre",
      title         = "LHC: The Guide",
      institution   = "CERN",
      address       = "Geneva",
      howpublished  = "\href{https://cds.cern.ch/record/1165534/}{Brochure}",
      year          = "2009",
}

@misc{cern-accelerators,
      author        = "CERN",
      title         = "The Accelerator Complex",
      institution   = "CERN",
      address       = "Geneva",
      howpublished  = "\href{http://home.web.cern.ch/about/accelerators}{home.web.cern.ch/about/accelerators}",
      year          = "2015",
}

@misc{cern-incident,
      author        = "CERN",
      title         = "CERN releases analysis of LHC incident",
      institution   = "CERN",
      address       = "Geneva",
      howpublished  = "\href{http://press.web.cern.ch/press-releases/2008/10/cern-releases-analysis-lhc-incident}{CERN Press Release}",
      year          = "2008",
}

@misc{cern-run1,
      author        = "CERN",
      title         = "The first LHC protons run ends with new milestone",
      institution   = "CERN",
      address       = "Geneva",
      howpublished  = "\href{http://press.web.cern.ch/press-releases/2012/12/first-lhc-protons-run-ends-new-milestone}{CERN Press Release}",
      year          = "2012",
}

@article{cern-jinst-lhc,
         author         = "Lyndon Evans and Philip Bryant",
         title          = "LHC Machine",
         journal        = "Journal of Instrumentation",
         volume         = "3",
         pages          = "S08001",
         year           = "2008",
         note           = "\href{http://jinst.sissa.it/LHC/}{jinst.sissa.it/LHC/}",
}

@article{cern-jinst-atlas,
         collaboration  = "ATLAS",
         title          = "The ATLAS Experiment at the CERN Large Hadron Collider",
         journal        = "Journal of Instrumentation",
         volume         = "3",
         pages          = "S08003",
         year           = "2008",
         note           = "\href{http://jinst.sissa.it/LHC/}{jinst.sissa.it/LHC/}",
}

@article{cern-jinst-cms,
         collaboration  = "CMS",
         title          = "The CMS experiment at the CERN LHC",
         journal        = "Journal of Instrumentation",
         volume         = "3",
         pages          = "S08004",
         year           = "2008",
         note           = "\href{http://jinst.sissa.it/LHC/}{jinst.sissa.it/LHC/}",
}

@article{cern-jinst-alice,
         collaboration  = "ALICE",
         title          = "The ALICE experiment at the CERN LHC",
         journal        = "Journal of Instrumentation",
         volume         = "3",
         pages          = "S08002",
         year           = "2008",
         note           = "\href{http://jinst.sissa.it/LHC/}{jinst.sissa.it/LHC/}",
}

@article{cern-jinst-lhcb,
         collaboration  = "LHCb",
         title          = "The LHCb Detector at the LHC",
         journal        = "Journal of Instrumentation",
         volume         = "3",
         pages          = "S08005",
         year           = "2008",
         note           = "\href{http://jinst.sissa.it/LHC/}{jinst.sissa.it/LHC/}",
}


