#------------------------------------------------------------------------------
# used in thesis, reverse chronological from publication date

Jimmy
@article{1996.Jimmy,
     author    = "Butterworth, J. M. and Forshaw, Jeffrey R. and Seymour, M. H.",
     title     = "Multiparton interactions in photoproduction at HERA",
     journal   = "Z.Phys.C",
     volume    = "{72}",
     year      = "1996",
     pages     = "637-646",
     eprint    = "hep-ph/9601371",
     archivePrefix = "arXiv",
     doi       = "10.1007/s002880050286",
     SLACcitation  = "%%CITATION = HEP-PH/9601371;%%"
}

Herwig
@article{2001.Herwig,
     author    = "{G. Corcella~$et~al.$}",
     title          = "{HERWIG 6: An Event generator for hadron emission
                       reactions with interfering gluons (including
                       supersymmetric processes)}",
     journal        = "{JHEP}",
     volume         = "{0101}",
     pages          = "010",
     year           = "2001",
     eprint         = "hep-ph/0011363",
     archivePrefix  = "arXiv",
     primaryClass   = "hep-ph",
     reportNumber   = "CAVENDISH-HEP-99-03, CERN-TH-2000-284, RAL-TR-2000-048",
     SLACcitation   = "%%CITATION = HEP-PH/0011363;%%",
}

Herwig
@article{2002.Herwig,
     author    = "{G. Corcella~$et~al.$}",
     title     = "{HERWIG 6.5 release note}",
     year      = "2002",
     eprint    = "hep-ph/0210213",
     archivePrefix = "arXiv",
     SLACcitation  = "%%CITATION = HEP-PH/0210213;%%"
}

MCatNLO
@article{2002.MCNLO,
    author = "{S. Frixione and B. R. Webber}",
    title = "Matching NLO QCD computations and parton shower simulations",
    journal = "{JHEP}",
    volume = "{0206}",
    pages = {029},
    year = {2002},
}
    eprint    = "0204244",
    archivePrefix = "arXiv",
    primaryClass  =  "hep-ph",
    url = {doi:10.1088/1126-6708/2002/06/029},

Alpgen
@article{2003.Alpgen,
      author    = "Mangano, Michelangelo L. and Moretti, Mauro and Piccinini,
                  Fulvio and Pittau, Roberto and Polosa, Antonio D.",
      title     = "{ALPGEN, a generator for hard multiparton processes in
                  hadronic  collisions}",
      journal   = "JHEP",
      volume    = "{07}",
      year      = "2003",
      pages     = "001",
      eprint    = "0206293",
      archivePrefix = "arXiv",
      primaryClass  =  "hep-ph",
      SLACcitation  = "%%CITATION = HEP-PH/0206293;%%"
}

GEANT4
@article{2003.GEANT4,
      author   = "{S. Agostinelli~$et~al.$}",
      title    = "{GEANT4: A simulation toolkit}",
      journal  = "Nucl. Instr. and Meth. A",
      volume   = "{506}",
      pages    = 250,
      year     = 2003,
}
      collaboration = "{GEANT4}",

AcerMC
@article{2004.AcerMC,
    author         = "Kersevan, Borut Paul and Richter-Was, Elzbieta",
    title          = "{The Monte Carlo event generator AcerMC version 2.0 with
                       interfaces to PYTHIA 6.2 and HERWIG 6.5}",
    year           = "2004",
    eprint         = "hep-ph/0405247",
    archivePrefix  = "arXiv",
    primaryClass   = "hep-ph",
    reportNumber   = "TPJU-6-2004",
    SLACcitation   = "%%CITATION = HEP-PH/0405247;%%",
}

PHOTOS
@article{2006.PHOTOS,
      author         = "Golonka, Piotr and Was, Zbigniew",
      title          = "{PHOTOS Monte Carlo: A Precision tool for QED corrections
                        in $Z$ and $W$ decays}",
      journal        = "Eur.Phys.J. C",
      volume         = "{45}",
      pages          = "97-107",
      doi            = "10.1140/epjc/s2005-02396-4",
      year           = "2006",
      eprint         = "hep-ph/0506026",
      archivePrefix  = "arXiv",
      primaryClass   = "hep-ph",
      reportNumber   = "IFJPAN-V-05-01, CERN-PH-TH-2005-091",
      SLACcitation   = "%%CITATION = HEP-PH/0506026;%%",
}

Pythia
@article{2006.Pythia,
      author    = "Sjostrand, Torbjorn and Mrenna, Stephen and Skands, Peter",
      title     = "{PYTHIA 6.4 physics and manual}",
      journal   = "JHEP",
      volume    = "{05}",
      year      = "2006",
      pages     = "026",
      eprint    = "0603175",
      archivePrefix = "arXiv",
      primaryClass  =  "hep-ph",
}

TAUOLA
@article{2012.TAUOLA,
    author         = "Davidson, N. and Nanava, G. and Przedzinski, T. and
                      Richter-Was, E. and Was, Z.",
    title          = "{Universal Interface of TAUOLA Technical and Physics
                      Documentation}",
    journal        = "Comput.Phys.Commun.",
    volume         = "183",
    pages          = "821-843",
    doi            = "10.1016/j.cpc.2011.12.009",
    year           = "2012",
    eprint         = "1002.0543",
    archivePrefix  = "arXiv",
    primaryClass   = "hep-ph",
    reportNumber   = "IFJPAN-IV-2009-10",
    SLACcitation   = "%%CITATION = ARXIV:1002.0543;%%",
}

#------------------------------------------------------------------------------
# not yet used in thesis

@article{1969.Bertini,
     author    = "Bertini, H. W.",
     title     = "{Intranuclear-cascade calculation of the secondary nucleon    
                   spectra from nucleon-nucleus interactions in the energy  
                   range 340 to 2900 mev and comparisons with experiment}",
     journal   = "Phys. Rev.",
     volume    = "188",
     year      = "1969",
     pages     = "1711-1730",
}
     doi       = "10.1103/PhysRev.188.1711",
     SLACcitation  = "%%CITATION = PHRVA,188,1711;%%"

@article{1983.PreCompMod,
  title = "Precompound-model analysis of photonuclear reactions",
  author = "Blann, M.  and Berman, B. L. and Komoto, T. T.",
  journal = "Phys. Rev. C",
  publisher = "American Physical Society",
  volume = "28",
  number = "6",
  pages = "2286--2298",
  year = "1983",
}
  % numpages = "12",
  %doi = {10.1103/PhysRevC.28.2286},

@article{1987.FTF-parton-model,
	author = "B. Andersson and G. Gustafson and B. Nilsson-Almqvist",
	title = "A model for low-pT hadronic reactions with generalizations to hadron-nucleus and nucleus-nucleus collisions",
	journal = "Nuclear Physics B",
	volume = "281",
	number = "1-2",
	pages = "289 - 309",
	year = "1987",
}
	note = "",
	issn = "0550-3213",
	doi = "DOI: 10.1016/0550-3213(87)90257-4",

MLM
@article{2002.MLM,
     author    = "Mangano, Michelangelo L. and Moretti, Mauro and Pittau,
                  Roberto",
     title     = "{Multijet matrix elements and shower evolution in hadronic
                  collisions: $W b \bar{b}$ + $n$ jets as a case study}",
     journal   = "Nucl. Phys.",
     volume    = "B632",
     year      = "2002",
     pages     = "343-362"
}
%     doi       = "10.1016/S0550-3213(02)00249-3",
     SLACcitation  = "%%CITATION = HEP-PH/0108069;%%"

CTEQ	
@article{2002.PDF-CTEQ,
     author    = "Pumplin, J. and others",
     title     = "{New generation of parton distributions with uncertainties
                  from global QCD analysis}",
     journal   = "JHEP",
     volume    = "{07}",
     year      = "2002",
     pages     = "012",
     eprint    = "hep-ph/0201195",
     archivePrefix = "arXiv",
     SLACcitation  = "%%CITATION = HEP-PH/0201195;%%"
}

QGS
@article{2003.QGS-parton-model,
     author    = "Folger, G. and Wellisch, J. P.",
     title     = "{String parton models in Geant4}",
     year      = "2003",
     eprint    = "nucl-th/0306007",
     archivePrefix = "arXiv",
     SLACcitation  = "%%CITATION = NUCL-TH/0306007;%%"
}

MRSTLO	
@article{2008.PDF-MRST,
     author    = "Sherstnev, A. and Thorne, R. S.",
     title     = "{Parton distributions for LO generators}",
     journal   = "Eur.Phys.J.C",
     volume    = "{55}",
     year      = "2008",
     pages     = "553-575",
     eprint    = "0711.2473",
     archivePrefix = "arXiv",
     primaryClass  =  "hep-ph",
     doi       = "10.1140/epjc/s10052-008-0610-x",
     SLACcitation  = "%%CITATION = 0711.2473;%%"
}

Perugia2010	
@techreport{2010.Perugia,
     author    = "P.Z. Skands",
     title     = "Tuning Monte Carlo generators: The Perugia tunes",
     year      = "2010",
     eprint    = "1005.3457v3",
     archivePrefix = "arXiv",
     primaryClass  =  "hep-ph",
}

MCNLO Wt production
@article{2008.Frixione.MCNLO-Wt,
     author    = "Frixione, Stefano and Laenen, Eric and Motylinski, Patrick
                  and Webber, Bryan R. and White, Chris D.",
     title     = "{Single-top hadroproduction in association with a W
                  boson}",
     journal   = "JHEP",
     volume    = "07",
     year      = "2008",
     pages     = "029",
     eprint    = "0805.3067",
     archivePrefix = "arXiv",
     primaryClass  =  "hep-ph",
     doi       = "10.1088/1126-6708/2008/07/029",
     SLACcitation  = "%%CITATION = 0805.3067;%%",
}



