#------------------------------------------------------------------------------
# used in thesis, reverse chronological from publication date


@article{1997.Tegmark.TEO-ensemble,
    author         = "Tegmark, Max",
    title          = "{Is the theory of everything merely the ultimate ensemble theory?}",
    journal        = "Annals Phys.",
    volume         = "{270}",
    pages          = "1-51",
    doi            = "10.1006/aphy.1998.5855",
    year           = "1998",
    eprint         = "gr-qc/9704009",
    archivePrefix  = "arXiv",
    primaryClass   = "gr-qc",
    SLACcitation   = "%%CITATION = GR-QC/9704009;%%",
}

@article{2003.Bostrom.simulation-argument,
    author         = {Bostrom, N.},
    title          = "Are you living in a computer simulation?",
    journal        = "Philosophical Quarterly",
    year           = "2003",
    volume         = "{53}",
    pages          = "243-255",
}

@article{2007.Tegmark.mathematical-universe,
      author         = "Tegmark, Max",
      title          = "{The mathematical universe}",
      journal        = "Found.Phys.",
      volume         = "{38}",
      pages          = "101-150",
      doi            = "10.1007/s10701-007-9186-9",
      year           = "2008",
      eprint         = "0704.0646",
      archivePrefix  = "arXiv",
      primaryClass   = "gr-qc",
      SLACcitation   = "%%CITATION = ARXIV:0704.0646;%%",
}

@article{2010.Bostrom.simulation-argument-patch,
    author         = {Bostrom, N. and Kulczycki, M.},
    title          = "A patch for the simulation argument",
    journal        = "Analysis",
    year           = "2010",
    volume         = "{71(1)}",
    pages          = "54-61",
}

@article{2012.Savage.constraints-on-simulation,
    author         = "Beane, Silas R. and Davoudi, Zohreh and Savage, Martin J.",
    title          = "{Constraints on the universe as a numerical simulation}",
    year           = "2012",
    eprint         = "1210.1847",
    archivePrefix  = "arXiv",
    primaryClass   = "hep-ph",
    reportNumber   = "NT@UW-12-14, INT-PUB-12-046",
    SLACcitation   = "%%CITATION = ARXIV:1210.1847;%%",
}


#------------------------------------------------------------------------------
# not yet used in thesis

@article{2005.Bostrom.simulation-argument-reply-to-weatherson,
    author         = {Bostrom, N.},
    title          = "The simulation argument: reply to Brian Weatherson",
    journal        = "Philosophical Quarterly",
    year           = "2005",
    volume         = "{55(218)}",
    pages          = "90-97",
}

@article{2006.Tegmark.math-matter-mind,
    author = {{Hut}, P. and {Alford}, M. and {Tegmark}, M.},
    title = "{On math, matter and mind}",
    journal = {Foundations of Physics},
    eprint = {arXiv:physics/0510188},
    year = 2006,
    volume = "{36}",
    pages = {765-794},
    doi = {10.1007/s10701-006-9048-x},
    adsurl = {http://adsabs.harvard.edu/abs/2006FoPh...36..765H},
    adsnote = {Provided by the SAO/NASA Astrophysics Data System}
}
    month = mar,

@article{2009.Bostrom.simulation-argument-some-explainations,
    author         = {Bostrom, N.},
    title          = "The simulation argument: some explainations",
    journal        = "Analysis",
    year           = "2009",
    volume         = "{69(3)}",
    pages          = "458-461",
}


